1842 2966
524 173 898 225 ·.TR18T1UM
932 173 1103 225 Lxx-1.
1131 182 1185 227 Β.
1452 184 1541 232 151

189 308 437 359 Isse'brevi
459 309 605 371 spatio
626 309 784 356 multis
805 308 976 354 erravit
998 308 1045 354 in
1067 309 1198 356 annis

263 374 395 422 Inter
415 373 656 422 Dulichias
679 372 930 434 Iliacasque
951 373 1136 421 domos:
1483 382 1550 426 60

188 441 319 496 Nos,
342 440 459 488 freta
480 440 698 486 sideribus
720 440 841 486 notis
864 440 1080 487 distantia
1098 453 1297 495 mensos,

264 506 379 553 Sors
399 506 503 552 tulit
524 506 572 550 in
596 505 785 552 Geticos
810 504 1175 565 Sarmaticosque
1198 507 1337 553 sinus.

190 570 289 619 Ine
309 572 465 618 habuit
484 569 709 631 fidamque
730 584 931 624 manum,
954 570 1194 632 sociosque
1213 569 1399 620 fidelem

265 636 356 684 Me
375 635 621 698 profugum
644 636 833 682 comites
856 635 1095 683 deseruere
1117 637 1223 683 mei.

190 701 288 749 Ille
310 717 440 749 suam
460 702 597 748 laetus
617 701 809 762 patriam
830 701 1066 761 victorque
1081 702 1285 763 petebatz

264 767 325 814 A*
350 765 494 828 patriti
514 766 643 827 fugio
666 767 813 813 victus
834 773 883 812 et
902 766 1035 813 exsul
1056 782 1159 829 ego.

190 831 306 880 Nee
329 833 441 880 mihi
462 831 731 879 Dulichium
754 832 916 877 domus
937 838 1022 886 est,
1047 829 1279 887 Ithaceve,
1305 831 1525 883 Samevez

265 895 447 961 (Poena
464 898 624 958 quibus
645 912 739 943 non
756 903 827 942 est
847 897 1033 958 grandis
1054 898 1211 945 abesse
1230 897 1344 945 locis
1358 895 1401 959 z)

194 963 295 1011 Sed
318 978 423 1023 quae
444 963 501 1010 de
522 969 698 1024 septem
715 969 862 1008 totum
886 963 1192 1024 circumspicit
1211 964 1368 1010 orbem

176 1040 185 1053 ‘
263 1026 521 1082 Montibus,
542 1028 720 1089 imperii
743 1026 895 1074 Roma
918 1027 1169 1089 Dessmque
1188 1028 1333 1076 loeus.
1486 1031 1552 1077 70

188 1091 273 1140 Illi
292 1108 456 1155 eorpus
478 1099 575 1140 erat
596 1094 758 1139 durum
780 1094 1046 1155 patiensque
1063 1095 1300 1142 laborum·

263 1156 488 1205 Invalidae
508 1159 628 1205 vires
648 1159 952 1223 ingenuaeque
971 1159 1097 1205 mihi.

191 1222 289 1271 Ille
313 1231 411 1273 erat
432 1221 618 1272 adsidue
642 1224 777 1270 saevis
798 1225 1001 1284 agitatus
1022 1223 1070 1269 in
1095 1224 1257 1271 armis·

267 1287 504 1336 Adsuetus
525 1289 684 1335 studiis
707 1288 951 1335 mollibus
939 1302 1036 1349 ipse
1054 1286 1137 1335 fui.

193 1353 290 1403 Me
313 1352 447 1401 Deus
463 1355 696 1416 oppressit,
721 1353 846 1400 nuno
868 1353 987 1399 mala
1008 1360 1165 1400 nostra
1183 1352 1395 1403 levante:

266 1418 494 1466 Bellatrix
514 1419 579 1466 illi
603 1419 732 1465 Diva
749 1418 924 1465 ferebat
950 1432 1099 1478 opem.

197 1482 417 1549 Ctimque
432 1486 581 1533 minor
602 1483 723 1534 Jove
746 1485 818 1539 sit,
840 1483 1025 1531 tumidis
1040 1481 1117 1545 qui
1139 1491 1302 1548 regnat
1321 1485 1552 1547 iri-unffi„

269 1549 412 1598 Illum
434 1549 542 1613 Nep
542 1552 657 1605 tuni,
675 1565 750 1597 me
771 1548 940 1598 Jovis·
928 1564 996 1596 ira
1046 1550 1193 1596 remit.

180 1616 354 1672 Adde,
378 1613 500 1677 quod
520 1616 641 1663 illius
661 1631 766 1679 pars
787 1615 987 1663 maxima
1006 1566 1065 1661 ἕο
1066 1622 1114 1662 ta
1133 1614 1339 1663 laborum
1360 1624 1463 1676 θείς

258 1676 501 1730 Ponitur
487 1697 536 1728 m
558 1682 726 1729 nostris
749 1680 896 1728 fabula
917 1679 1043 1727 nulla
1056 1680 1203 1728 malis.
1485 1685 1552 1730 80

193 1747 422 1809 Denique
443 1747 659 1808 quaesitos
679 1745 832 1809 tetigit
851 1752 1006 1793 tamen
1025 1745 1104 1793 ille
1126 1744 1361 1806 Penates,

272 1812 487 1875 Quaeque
508 1812 585 1860 diu
604 1812 749 1873 petiit,
770 1812 968 1873 contigit
988 1827 1098 1859 arva
1117 1817 1303 1858 tamen·

198 1877 273 1927 At
296 1878 408 1924 mihi
428 1874 649 1939 perpetuo
668 1874 813 1940 patria
832 1876 996 1923 tellure
1016 1877 1260 1927 carendum
1282 1883 1366 1933 eet,

266 1942 339 1991 Ni
357 1941 497 1991 fuerit
517 1942 615 1991 laesi
637 1941 844 1989 mollior
831 1956 901 1989 ira
916 1940 1026 1991 Dei.

679 2134 950 2189 ELEGIA
982 2136 1075 2186 VI.

198 2268 318 2318 Nnc
341 2275 517 2317 tantum
543 2266 700 2319 Clario
723 2267 768 2316 L
766 2271 856 2331 yde
877 2270 1042 2328 dilecta
1059 2268 1223 2333 Ροὲιω,

266 2334 374 2383 Nec
398 2343 573 2383 tantum
598 2332 700 2383 Coo
722 2334 877 2382 Battis
898 2342 1048 2383 amata
1070 2350 1154 2382 suo
1175 2340 1276 2381 est.

207 2400 480 2449 Pectoribus
501 2407 720 2462 quantum
743 2407 795 2448 tu
815 2402 997 2456 nostris,
1021 2399 1170 2454 Uxor,
1191 2400 1421 2459 inhaeres,

267 2465 430 2529 Digna
450 2464 602 2514 minus
621 2467 800 2521 misero,
824 2481 918 2514 non
939 2465 1128 2513 meliore
1144 2465 1261 2512 viro.

201 2530 280 2580 Te
300 2547 417 2589 mea,
441 2530 673 2595 supposita
692 2530 833 2581 veluti
855 2531 993 2587 trabe,
1013 2530 1131 2578 fulta
1150 2531 1282 2577 ruina
1302 2538 1399 2577 est·

269 2593 430 2660 Siquid
443 2599 590 2646 adhuc
604 2613 696 2661 ego
718 2612 832 2653 sum,
855 2596 1057 2644 muneris
1078 2611 1215 2644 omne
1234 2595 1306 2642 tui
1325 2601 1422 2642 est:

197 2662 279 2712 Tu
299 2661 427 2719 fa'cis,
451 2671 503 2713 ut
523 2663 717 2727 spolium
735 2679 794 2710 ne
816 2663 915 2717 sim,
941 2677 1031 2709 neu
1052 2662 1197 2710 nuder
1213 2661 1268 2709 ab
1289 2660 1392 2715 inis,

268 2727 512 2795 Naufragii
533 2729 709 2781 tabulas
729 2729 806 2792 qui
827 2729 998 2794 petiere
1018 2727 1124 2775 mei.
