1842 2966
297 158 398 202 504
654 150 709 201 Ρ.
744 150 979 200 OVIDII
1014 149 1317 201 NASONIS

302 283 456 345 Major
478 290 526 330 et
544 281 777 346 implesset
798 284 1044 346 praecordia
1065 290 1222 330 nostra
1240 283 1476 347 voluptas,

364 347 483 396 Oum
507 350 706 404 traherer
722 349 854 395 dictis
874 350 1209 410 adnueremque
1229 350 1338 396 tuis.

302 412 454 467 Quem
476 416 689 474 quoniam
709 414 868 469 fatum,
891 415 1020 461 vobis
1039 412 1272 475 ¹patriaque
1294 414 1485 470 relictis,

361 476 492 525 Inter
514 480 784 526 inhumanos
806 478 1089 526 maluitesse
1111 479 1284 526 Getas:
1358 479 1367 484 ”

304 542 441 597 Quod
464 544 581 600 lieet,
605 553 656 591 ut
677 546 829 592 videar
851 552 1002 591 tecum
1024 544 1171 605 magis
1191 559 1309 599 esse,¹
1326 544 1571 605 legenda-

360 608 505 671 Saepe,
525 626 700 682 precor,
726 611 858 657 studii
880 611 1074 671 pignora
1095 615 1226 655 mitte
1247 610 1344 655 tui:
1584 611 1664 656 ’ω

296 672 613 737 Exemploque
634 690 750 731 meo,
775 676 861 721 nisi
883 675 1141 736 dedignaris
1161 675 1208 721 id
1228 674 1396 736 ipsum,

364 739 510 787 Utere
528 759 539 787 ι
577 741 699 801 quod
719 742 847 786 nobis
871 740 1036 786 rectius
1056 740 1154 800 ipse
1176 740 1322 785 dares:

299 802 514 865 Namque
535 822 636 867 ego,
661 806 737 866 qui
761 806 868 867 perii
882 806 981 867 jam
1003 803 1447 867 pridem‚'Maxime,
1470 803 1634 859 vobin²

363 868 559 932 Ingenio
582 872 702 916 nitor
723 885 818 916 non
839 870 1026 932 periisse
1046 885 1164 916 meo.

253 983 260 988 ,
294 932 457 982 Redde
478 937 650 992 vicem3
687 951 771 981 nec
789 950 888 982 rara
908 936 976 980 tui
997 940 1291 980 monumenta
1311 934 1486 984 laboris

361 1000 600 1062 Accipient
623 1006 804 1053 nostrae,
828 1006 962 1059 grata
982 998 1144 1052 futura,
1168 1014 1343 1045 manus·

203 1061 208 1066 ’
295 1062 390 1110 Dic
412 1071 577 1117 tamen,
602 1061 629 1109 ὂ
642 1065 828 1125 juvenis
851 1064 1100 1111 studiorum
1112 1063 1248 1125 plene
1268 1078 1481 1111 meorum
1500 1082 1521 1122 ;

359 1128 539 1189 Ecquid
562 1130 617 1174 ab
639 1129 710 1175 his
733 1129 843 1191 ipsis
865 1130 1135 1176 admoneare
1156 1128 1282 1175 mei?

297 1192 491 1254 Ecquid,
515 1195 590 1241 ubi
611 1202 691 1241 aut
705 1195 875 1241 «recitas
894 1193 1066 1241 factum
1087 1190 1225 1240 mod&
1247 1201 1435 1240 cannen
1456 1195 1639 1249 amicis,

358 1258 469 1313 Aut,
492 1259 615 1321 quod
636 1274 757 1322 saepe
779 1260 911 1314 soles,
931 1260 1079 1321 exigis
1099 1267 1151 1306 ut
1171 1260 1376 1313 recitent,
1588 1264 1653 1306 40

298 1320 535 1389 luterdum
556 1326 759 1385 queritur
780 1332 859 1371 tua
878 1340 1022 1376 mens,
1046 1324 1183 1370 oblita
1206 1324 1314 1385 quid
1334 1323 1492 1371 absit?

362 1388 557 1453 (Nescio
579 1390 686 1450 quid
704 1387 827 1436 certe
851 1390 989 1437 sentit
1012 1390 1166 1435 abesse
1190 1387 1298 1450 sui.)

296 1452 455 1517 thue
474 1456 599 1517 loqui
620 1456 677 1502 de
697 1470 772 1503 me
792 1452 988 1501 multum
1008 1461 1235 1517 praesente
1255 1454 1449 1512 solebas

361 1520 500 1567 Nunc
523 1520 928 1582 quoqueNasonis
951 1535 1116 1567 nomen
1130 1522 1191 1567 ,in
1213 1536 1291 1571 ore
1314 1526 1399 1567 tuo
1421 1528 1515 1569 est.

294 1582 402 1647 Ipse
423 1587 603 1646 quidem
622 1585 788 1634 Getico
808 1601 990 1648 peream
1013 1586 1284 1638 violatus,ab
1305 1600 1431 1642 arcu,

360 1650 451 1715 (Et
472 1652 530 1698 sit
551 1652 718 1714 perjuri
741 1649 875 1711 quiim
897 1647 1040 1712 prope
1062 1656 1198 1713 poena
1220 1647 1373 1710 vides)

291 1713 366 1762 Te
387 1717 473 1763 nisi
495 1717 739 1763 momentis
760 1717 892 1762 video
914 1713 1034 1776 pene
1051 1716 1260 1762 omnibus
1280 1716 1459 1763 absens.

360 1781 522 1829 Gratia
537 1781 641 1837 Dis,
666 1782 805 1829 menti
830 1781 1029 1842 quolibet
1050 1781 1115 1827 ire
1135 1781 1256 1828 lieet.
1279 1814 1282 1818 ·
1396 1772 1402 1783 ⁵

296 1842 405 1892 Hae
425 1848 500 1894 ubi
521 1848 721 1909 perveni,
744 1846 853 1905 nulli
877 1846 1141 1900 cernendus,
1164 1847 1213 1892 in
1237 1844 1429 1900 Urbem,

362 1911 495 1973 Saepe
515 1913 678 1973 loquor
700 1920 875 1969 tecum3
902 1927 1023 1974 saepe
1044 1911 1260 1972 loquente
1277 1909 1422 1957 fruor.
1574 1915 1638 1960 50

291 1975 430 2032 Tum,
447 1978 557 2024 mihi
579 1978 759 2027 difficile
781 1984 863 2032 est,
887 1973 1022 2037 quiam
1047 1977 1105 2022 sit
1125 1977 1253 2031 bene,
1277 1976 1449 2032 dicere3
1472 1973 1633 2036 quim-

358 2040 564 2089 Candida
580 2043 762 2106 judiciis
783 2043 862 2089 illa
884 2043 945 2089 sit
965 2043 1076 2087 hora
1098 2043 1225 2088 meis.
1434 2086 1437 2091 ,
1521 2038 1635 2104 [que

293 2104 416 2153 Tum
439 2122 514 2153 me
538 2108 600 2170 (si
623 2122 712 2168 qua
732 2105 866 2171 fides)
890 2106 1064 2155 coelesti
1087 2106 1193 2153 sede
1215 2112 1462 2167 receptum,

361 2169 482 2218 Cum
504 2171 743 2218 fortunatis
766 2171 970 2232 suspicor
991 2186 1090 2219 esse
1112 2168 1245 2217 Deis.
1416 2203 1423 2209 ·

294 2233 491 2291 Rursus,
515 2244 567 2283 ut
588 2237 677 2281 hue
699 2236 821 2289 redii,
846 2237 1015 2283 coelum
1041 2237 1327 2298 superosque
1348 2233 1576 2296 relinquo;

357 2300 415 2346 A*
443 2301 590 2362 Styge
611 2315 696 2346 nec
716 2297 859 2363 longe
881 2300 1076 2348 Pontica
1097 2301 1232 2348 distat
1248 2301 1428 2345 humus.

294 2363 434 2411 Unde
454 2380 543 2426 ego
565 2365 603 2409 si
622 2364 717 2411 fato
740 2365 860 2411 nitor
879 2366 1144 2426 prohibente
1165 2365 1344 2418 reverti,

217 2434 222 2449 ³
353 2428 497 2491 Spem
520 2428 618 2474 sine
634 2428 853 2491 profectu,
878 2430 1100 2487 Maxime,
1119 2430 1229 2480 tolle
1249 2429 1375 2477 mihi.
