1842 2966
72 2666 172 2699 *n

291 1986 296 1995 “
363 1979 552 2028 Artibus
574 1981 784 2044 ingenuis
801 1982 993 2041 quaesita
1012 1986 1084 2025 est
1101 1979 1250 2040 gloria
1269 1977 1452 2025 multis:

348 157 456 200 280·
694 147 750 204 P.
783 149 1016 200 OVIDII
1050 145 1365 201 NASONIS

346 281 438 331 Est
459 283 524 329 illi
541 298 663 331 curae
685 299 763 330 me
781 283 981 346 perdere,
1004 273 1197 345 quaeque
1214 277 1387 350 ⁸61th

412 347 533 396 Esse
552 349 681 405 levis,
704 347 917 396 constans
935 356 981 396 et
1000 350 1117 396 bene
1137 357 1260 396 certa
1280 355 1432 397 nocet.

348 411 499 463 Crede
518 415 643 470 mihi,
667 415 706 462 si
722 429 824 462 sum
838 415 937 461 veri
958 414 1036 460 tibi
1059 415 1271 476 cognitus
1292 414 1397 478 oris,

410 477 514 527 Nec
534 479 659 530 fraus
679 481 727 526 in
750 480 915 527 nostris
938 480 1114 526 casibus
1134 494 1237 526 esse
1256 485 1438 541 potest3

350 541 596 606 Cinyphiae
619 546 787 607 seg-etis
808 542 941 591 citius
964 545 1217 591 numerabis
1237 545 1410 598 aristas,

305 649 312 654 .
414 610 615 671 Altaque
635 608 770 672 quam
793 609 949 656 multis
968 608 1130 656 floreat
1147 608 1305 670 Hybla
1320 609 1500 669 thymis
1518 626 1536 657 ε

348 672 418 724 Et
432 683 543 737 quot
564 690 672 722 aves
693 675 829 722 motis
845 675 1048 721 nitantur
1067 675 1115 721 in
1139 675 1244 721 aeta
1261 674 1439 735 pennis,

416 739 634 802 Quotque
654 747 812 791 natent
831 740 979 802 pisces
1002 754 1196 799 equore,
1221 747 1372 786 certus
1389 740 1485 787 eris
1506 757 1521 786 ε

352 803 506 861 Ωιιὲω
528 806 608 852 tibi
630 813 888 853 nostrorum
911 812 1138 851 statuatur
1159 819 1335 850 summa
1352 804 1585 861 laborum,

418 869 552 926 Quos
566 886 656 933 ego
680 886 780 917 sum
802 867 935 925 terra,
958 885 1072 931 quos
1093 885 1183 931 ego
1202 885 1362 930 passus
1384 868 1523 930 aqua.
1635 872 1701 916 30

352 934 499 983 Nulla
520 935 653 983 Getis
674 943 773 982 toto
793 951 911 997 gens
934 941 1004 981 est
1023 934 1322 981 truculentior
1336 935 1446 982 orbe
1461 952 1476 982 z

418 1000 511 1049 Sed
531 1007 683 1048 tamen
706 1001 752 1046 hi
773 1002 944 1047 nostris
963 1001 1227 1065 ingemuere
1246 999 1397 1046 malis.

355 1065 477 1120 Quae
499 1066 578 1111 tibi
601 1066 639 1113 si
661 1065 851 1112 memori
873 1080 1016 1112 coner
1035 1065 1309 1127 perscribere
1329 1079 1487 1120 versu,

313 1139 318 1146 “
418 1128 529 1177 Ilias
545 1137 615 1177 est
635 1129 740 1176 satis
754 1130 896 1193 longa
913 1130 1068 1177 futura
1088 1131 1218 1176 meis.

353 1193 465 1243 Non
487 1195 626 1257 igitur
643 1211 816 1250 vereor,
838 1192 962 1257 quod
982 1203 1029 1242 te
1045 1210 1144 1242 rear
1165 1210 1267 1242 esse
1287 1194 1560 1252 verendum,

421 1258 568 1323 Cujus
588 1276 716 1308 amor
736 1261 866 1308 nobis
886 1262 1080 1323 pignora
1099 1260 1224 1307 mille
1243 1260 1368 1308 dedit
1381 1279 1395 1307 z

354 1324 448 1374 Sed
468 1326 574 1387 quia
594 1341 670 1373 res
688 1326 847 1374 timida
867 1333 941 1373 est
958 1327 1109 1373 omnis
1130 1326 1293 1384 miser3
1316 1334 1365 1373 et
1385 1327 1497 1388 quia
1511 1326 1655 1389 longo

417 1389 648 1454 Tempore
669 1392 843 1439 laetitiae
857 1393 1001 1453 janua
1023 1391 1174 1438 clausa
1194 1406 1311 1438 meae
1331 1398 1421 1438 est.

355 1455 466 1507 Jam
484 1457 614 1505 dolor
634 1458 683 1504 in
703 1456 880 1507 morem
900 1457 1030 1504 venit
1049 1471 1206 1506 mensa
1232 1462 1375 1519 utque
1396 1451 1585 1505 caducis

435 1522 661 1570 Percussu
683 1524 840 1570 crebro
862 1537 974 1569 saxa
994 1529 1214 1570 cavantur
1233 1522 1392 1583 aquis3
1648 1523 1707 1567 40

360 1589 443 1637 Sic
465 1604 558 1650 ego
579 1589 795 1636 continuo
818 1586 1040 1635 Fortunae
1060 1588 1273 1635 vulneror
1295 1588 1416 1634 ictu:

429 1652 616 1716 Vixque
636 1655 770 1700 habet
791 1653 838 1700 in
861 1653 991 1700 nobis
997 1654 1097 1715 jam
1114 1668 1233 1700 nova
1252 1654 1389 1716 plaga
1408 1653 1583 1700 locum.

356 1717 462 1766 Nec
482 1720 632 1782 magis
647 1719 835 1765 adsiduo
856 1733 1016 1765 vomer
1037 1726 1250 1765 tenuatur
1271 1719 1327 1764 ab
1349 1734 1454 1773 usu,

423 1781 529 1830 Nec
551 1785 698 1847 magis
719 1791 791 1831 est
811 1780 963 1830 curvis
985 1783 1136 1847 Appia
1155 1784 1263 1830 trita
1283 1784 1428 1840 rotis;
1496 1806 1502 1812 ·

360 1847 556 1897 Pectora
575 1848 710 1912 quam
732 1864 835 1896 mea
855 1860 962 1896 sunt
984 1850 1101 1896 serie
1120 1855 1291 1895 caecata
1310 1849 1541 1895 laborum:

425 1914 493 1962 Et
515 1915 628 1963 nihil
646 1915 814 1971 inveni,
837 1914 959 1976 quod
980 1915 1091 1961 mihi
1111 1914 1249 1960 ferret
1264 1928 1415 1975 opem.

427 2044 597 2092 Infelix
616 2047 729 2108 perii
750 2044 935 2092 dotibus
951 2046 1049 2107 ipse
1070 2045 1197 2091 meis.

363 2108 477 2157 Vita
495 2111 619 2172 prior
638 2112 753 2157 vitio
776 2119 915 2165 caret,
940 2117 987 2156 et
1010 2111 1107 2156 sine
1127 2109 1225 2156 labe
1241 2114 1426 2171 peracta
1441 2125 1455 2154 ι

428 2175 604 2223 Auxilii
625 2175 790 2221 misero
808 2176 873 2221 nil
894 2175 1001 2222 tulit
1021 2175 1098 2221 illa
1118 2175 1243 2220 mihi.
1650 2174 1713 2221 50

355 2238 515 2300 Culpa
533 2240 690 2300 gravis
708 2240 914 2300 precibus
937 2241 1131 2287 donatur
1151 2255 1273 2301 saepe
1295 2251 1506 2285 suorumz

431 2303 596 2351 Omnis
616 2319 699 2366 pro
723 2304 851 2351 nobis
872 2305 1019 2367 gratia
1040 2310 1168 2351 muta
1183 2300 1283 2350 fuit.

365 2369 571 2430 Adjuvat
591 2369 638 2414 in
662 2369 785 2416 duris
804 2370 917 2417 alios
938 2371 1178 2432 praesentia
1199 2370 1358 2416 rebus:

433 2430 598 2483 Obruit
618 2435 705 2481 hoc
726 2436 886 2482 absens
906 2443 1037 2482 vasta
1055 2435 1253 2497 procella
1274 2449 1327 2481 ca
1358 2439 1422 2480 ut.

368 2498 493 2553 Quae.
514 2512 606 2545 non
628 2500 882 2551 horruerint
901 2502 1086 2547 tacitam
1108 2515 1287 2562 quoque
1355 2496 1510 2545 aesaris
1531 2494 1687 2544 iram?

437 2561 606 2611 Addita
629 2573 735 2612 sunt
754 2566 903 2627 poenis
925 2581 1084 2627 aspera
1103 2566 1241 2612 verba
1260 2565 1391 2611 meis.

371 2627 451 2677 Fit
471 2626 583 2691 fuga
604 2630 879 2693 temporibus
893 2631 1068 2678 levior:
1095 2633 1324 2695 projectus
1343 2629 1393 2675 in
1412 2642 1579 2691 equor
1594 2624 1607 2633 ⁶

438 2693 687 2745 Arcturum
704 2695 832 2753 subii,
856 2695 1186 2761 Pleiadumque
1198 2696 1362 2744 minas.
