1842 2966
487 170 833 223 TRISTIUM
868 171 976 219 Lu.
997 170 1059 219 V.
1097 174 1172 218 12.
1403 172 1498 217 237

131 304 312 359 Adde,
334 301 486 365 qued
470 305 706 367 ingenium
727 301 868 385 longi
889 303 1095 364 rubigine
1113 302 1275 348 laesum

194 369 425 432 ‘zTorpet
453 378 501 418 et
520 377 592 416 est
610 366 767 426 multe,
790 366 925 431 quani
944 367 1033 414 suit
1053 363 1173 421 ante,
1195 367 1359 413 minus.

132 435 361 491 Fertilis,
382 435 569 482 adsiduo
591 436 629 483 si
651 450 742 483 non
763 441 1007 482 renovetur
1027 439 1189 486 aratro,

225 499 329 555 Nil,
356 501 440 547 nisi
453 516 556 549 cum
579 501 718 563 spinis
739 514 942 563 gramen,
966 498 1143 545 babebit
1164 512 1287 560 ager.
1461 541 1472 554 f

140 562 397 627 Tempore
417 567 494 626 qui
514 566 656 629 longo
680 565 865 619 steterit,
888 561 1010 610 male
1031 569 1193 619 curret,
1217 569 1264 609 et
1284 562 1404 610 inter

230 627 504 678 Carceribus
525 632 686 678 missos
707 630 891 677 ultimus
913 630 995 675 ibit
1014 643 1167 689 equos.

139 694 405 744 Vertitur
393 712 440 744 ιιι
452 703 655 745 teneram
676 699 853 750 cariem,
875 695 1089 755 rimisque
1108 693 1310 748 dehiscit,

229 760 284 808 si
308 776 397 822 qua
417 762 493 808 diu
515 762 658 808 solitis
677 761 842 822 cymba
860 759 1032 807 vacarit
1052 759 1194 820 aquis.

148 824 254 875 Me
266 841 450 888 quoque
469 826 669 889 deq-aem,
689 826 852 873 fuerim
875 823 980 871 cum
1000 839 1166 887 parvus
1186 830 1233 871 et
1254 818 1374 878 ante,

233 889 327 946 Illi,
350 893 429 953 qui
447 891 637 946 fueram,
656 905 792 954 posse
813 890 958 938 redire
978 903 1148 952 parem.
1438 889 1508 932 30

159 954 426 1006 Contudit
415 959 647 1020 ingenium
667 957 884 1019 patientia
902 956 1044 1017 longa
1062 956 1291 1002 laborum:

234 1021 307 1070 Et
327 1038 430 1085 pars
452 1023 621 1083 antiqui
641 1037 811 1085 magna
828 1021 1002 1083 vigoris
1024 1020 1164 1067 abest.

163 1087 309 1199 Saefe
328 1097 480 1135 tamen
502 1089 642 1143 nobis,
665 1097 851 1135 utnunc
860 1102 1052 1147 quoque,
1075 1093 1224 1132 sumta
1237 1082 1401 1132 tabella
1416 1087 1511 1140 θεὶς

269 1169 388 1214 nque
409 1168 516 1201 suos
536 1153 658 1201 volui
682 1168 849 1216 cogere
868 1154 1008 1198 verba
1026 1151 1196 1212 pedes.

169 1215 397 1269 Carmina*
416 1219 582 1280 scripta
601 1219 709 1265 mibi
733 1221 841 1264 sunt
861 1216 996 1269 nulls,
1028 1221 1108 1261 aut
1122 1215 1272 1276 qualia
1286 1213 1464 1272 cernis3

240 1282 406 1347 Digna
425 1285 492 1331 sui
515 1284 683 1331 domini
707 1291 923 1343 tempore,
948 1281 1087 1341 digna
1105 1281 1223 1327 loeo.

171 1348 395 1410 Denique
409 1364 500 1396 non
525 1363 684 1411 parvas
706 1347 858 1394 animo
880 1346 957 1391 dat
979 1344 1125 1406 gloria
1144 1346 1295 1402 vires3

241 1413 312 1462 Et
328 1414 522 1462 fecunda
530 1413 647 1462 facit
667 1419 850 1476 pectora
867 1410 1015 1457 laudis
1034 1423 1174 1457 amor.

174 1479 395 1530 Nominis
416 1488 463 1528 et
475 1479 611 1528 famae
633 1479 859 1541 quondam
881 1476 1063 1539 fulgore
1083 1475 1300 1531 trahebar,

241 1545 375 1594 Dum
397 1547 501 1593 tuht
518 1549 740 1594 antennas
761 1558 869 1591 aura
889 1540 1087 1589 secunda
1107 1555 1247 1587 meas.
1448 1543 1517 1587 40

174 1611 293 1661 Non
315 1610 429 1660 ade&
448 1618 518 1659 est
537 1613 652 1659 bene
672 1624 806 1664 nunc,
830 1615 883 1656 ut
904 1609 964 1654 sit
983 1607 1094 1653 mihi
1115 1606 1262 1669 gloria
1281 1619 1429 1653 curae.
1470 1632 1478 1640 -

248 1676 300 1724 Si
319 1677 466 1732 liceat,
489 1677 599 1723 nulli
622 1676 833 1756 cognitus
855 1689 957 1721 esse
977 1672 1129 1719 velim.

177 1741 277 1798 An,
298 1744 404 1804 quis
423 1748 656 1789 cesserunt
674 1737 821 1803 p'rimd
839 1741 956 1786 bene
978 1738 1188 1792 carmina,
1208 1736 1369 1784 suades

249 1806 467 1864 Scribere,
488 1820 724 1856 successus
740 1812 801 1853 ut
820 1820 980 1866 sequar
999 1805 1100 1866 ipse
1115 1802 1275 1849 meos?

179 1873 318 1929 Pace,
341 1889 521 1927 novem,
542 1871 695 1920 vestra
712 1873 845 1918 liceat
866 1871 1047 1924 dixisse,
1072 1869 1293 1925 Sorores;

250 1937 352 1985 Vos
371 1939 490 1986 estis
502 1944 671 1985 nostrae
692 1937 889 1984 maxima
910 1948 1070 1982 caussa
1087 1934 1229 1995 fugae.

186 2001 348 2064 thue
368 2005 491 2051 dedit
497 2004 646 2067 justas
666 2003 783 2050 tauri
803 2001 1043 2048 fabricator
1063 2000 1178 2053 aeni,

252 2069 328 2117 Sic
348 2086 438 2132 ego
459 2070 517 2116 do
536 2083 696 2131 poenas
717 2067 917 2114 artibus
905 2081 1003 2128 ipse
1024 2066 1152 2111 meis:

100 2140 107 2151 ‘
183 2133 270 2182 Nil
293 2136 404 2181 mihi
424 2135 638 2182 debuerat
658 2149 762 2180 cum
784 2133 989 2179 versibus
1009 2130 1199 2192 amplius
1220 2140 1344 2186 esse;

253 2200 344 2248 Sed
363 2199 569 2262 fugerem
591 2196 753 2246 meritc}
774 2196 1020 2259 naufragus
1042 2208 1178 2243 omne
1198 2193 1381 2241 fretum.
1458 2194 1527 2241 50

185 2264 257 2313 At
275 2272 400 2327 puto,
425 2266 464 2312 si
486 2266 671 2311 demens
693 2264 892 2310 studium
911 2262 1051 2309 fatale
1073 2266 1307 2315 retentem,
1481 2278 1484 2283 ·

255 2329 352 2377 Hic
373 2331 483 2376 mihi
503 2330 719 2392 praebebit
739 2328 952 2376 carminis
973 2342 1098 2373 arma
1112 2327 1254 2373 loeus.

187 2393 311 2443 Non
323 2395 435 2442 liber
450 2395 522 2442 hic
543 2395 673 2449 ullus,
698 2410 791 2441 non
814 2394 889 2454 qui
911 2392 1022 2439 mihi
1044 2378 1317 2439 commodet'
1322 2402 1492 2444 aurem,

234 2459 494 2521 :Verbaque
514 2459 769 2522 significent
789 2458 896 2519 quid
916 2473 1021 2504 mea
1041 2454 1174 2510 nt‘irit,
1197 2455 1336 2502 adest.

192 2526 362 2574 Omnia
380 2526 595 2572 barbariae
613 2526 716 2572 loca
737 2529 854 2579 sunt,
876 2522 1094 2583 vocisque
1114 2519 1287 2576 ferinae,

261 2590 430 2639 Omnia
450 2597 557 2637 sunt
579 2590 733 2638 Getici
752 2589 886 2651 plena
905 2589 1068 2633 timore
1090 2586 1206 2633 soni.

197 2655 305 2721 Ipse
323 2657 434 2703 mihi
455 2656 643 2704 videor
622 2669 721 2718 ,ιω
743 2653 1011 2699 dedidicisse
1031 2647 1222 2697 Latine·

262 2718 368 2772 Jam
389 2721 522 2770 didici
544 2716 712 2771 Getice
735 2713 1072 2778 Sarmaticeque
1088 2714 1228 2777 loqui.
