1842 2966
366 170 460 215 148
712 166 767 218 P.
801 164 1038 217 OVIDII
1070 166 1375 221 NASONIS

367 298 437 348 Et
457 299 568 346 mihi
587 299 709 347 facta
729 301 805 348 via
826 307 924 348 est:
964 307 1013 347 et
1032 315 1109 349 me
1129 295 1251 363 capi't
1272 301 1436 352 ultima
1457 306 1633 357 tellus.

433 364 664 413 Accedam
687 365 896 429 profugae
919 367 1096 413 sarcina
1114 378 1255 427 parva
1274 368 1376 414 rati,

367 427 441 477 Te
452 427 633 492 jubet
606 446 634 477 e
654 429 798 494 patria
819 429 1051 478 discedere
1073 429 1306 479 Caesaris‘
1292 448 1393 491 1ra;

437 494 539 542 Me
532 496 703 558 pietas.
755 496 911 543 Pietas
931 497 1032 542 haec
1053 497 1164 542 mihi
1188 494 1349 544 Caesar
1369 499 1474 548 erit.

370 558 505 607 Talia
524 564 755 610 tentabat:
797 563 862 609 sic
883 568 931 609 et
951 568 1207 608 tentaverat
1227 561 1363 610 ante:

437 625 623 689 Vixque
645 628 768 675 dedit
788 629 933 675 victas
955 627 1149 674 utilitate
1170 640 1349 676 manus-

530 694 599 739 ior
622 694 742 756 (sive
762 693 872 739 illud
893 699 992 740 erat
1013 692 1111 739 sine
1129 691 1291 739 funere
1309 692 1444 756 ferri)

440 756 682 818 Squalidus
702 759 918 804 immissis
938 758 1058 804 hirta
1079 773 1159 818 per
1179 772 1261 804 ora
1280 761 1442 807 comis.
1673 768 1729 811 90

368 820 459 871 Illa
478 824 635 870 dolore
655 825 822 884 gravis,
843 824 1043 870 tenebris
1064 830 1270 870 narratur
1291 824 1463 872 obortis

441 889 727 952 Semianimis
749 886 896 934 media
914 889 1208 950 procubuisse
1227 889 1380 936 domo.

375 953 537 1013 thue
559 953 816 1007 resurrexit,
836 952 1021 1000 foedatis
1041 953 1231 1014 pulvere
1250 955 1369 1016 turpi

441 1016 667 1072 Crinibus,
692 1024 739 1064 et
758 1017 910 1080 gelida
930 1019 1132 1065 membra
1151 1019 1323 1065 levavit
1343 1021 1517 1079 humo,

375 1082 439 1131 Se
459 1080 609 1137 modo,
632 1083 835 1130 desertos
855 1081 995 1130 modo
1014 1083 1322 1164 complorasse
1344 1083 1585 1147 Penates,

440 1146 629 1195 Nomen
646 1155 693 1194 et
713 1149 855 1212 erepti
876 1164 1000 1210 saepe
1021 1147 1209 1195 vocasse
1229 1150 1340 1197 viri·

372 1213 481 1261 Nec
503 1215 734 1275 gemuisse
752 1212 918 1270 minus,
942 1212 1076 1275 quam
1098 1215 1135 1260 si
1159 1222 1340 1261 nataeve
1360 1231 1581 1267 meumve

440 1278 647 1326 Vidisset
667 1286 866 1327 structos
886 1295 1049 1343 corpus
1071 1280 1234 1326 habere
1255 1296 1425 1343 rogos:

373 1342 444 1393 Et
464 1345 664 1392 voluisse
683 1347 813 1401 mori,
837 1351 884 1392 et
904 1346 1142 1392 moriendo
1162 1360 1335 1407 ponere
1356 1363 1545 1399 sensus.

440 1410 762 1474 Respectuque
781 1418 936 1458 tamen
957 1426 1050 1458 non
1069 1412 1278 1472 posuisse
1295 1413 1400 1461 mei.
1629 1420 1707 1463 100
1787 1458 1788 1467 ,

372 1475 543 1525 Vivat:
582 1485 631 1525 et
650 1478 894 1533 absentem,
917 1477 1131 1539 quoniam
1154 1477 1220 1524 sic
1239 1476 1335 1526 fata
1353 1479 1571 1541 tulerunt,

400 1613 405 1618 1
437 1542 594 1601 Vivat,
613 1550 663 1592 et
683 1544 852 1592 auxilio
873 1544 1079 1593 sublevet
1098 1557 1246 1606 usque
1263 1557 1362 1592 suo.

852 1740 1122 1791 ELEGIA
1156 1739 1249 1791 IV.

374 1869 664 1924 Tmemwn
684 1873 872 1921 Oceano
894 1881 1050 1921 custos
1071 1872 1431 1935 Erymanthidos
1456 1874 1597 1931 Ursa,

447 1938 790 2000 AEquoreasque
812 1955 894 1986 suo
916 1940 1063 1986 sidere
1083 1940 1234 1985 turbat
1254 1955 1419 2000 aquas·

372 2002 480 2052 Nos
501 2012 653 2052 tamen
679 2004 859 2051 Ionium
880 2020 975 2051 non
996 2002 1153 2055 nostra
1171 2003 1386 2052 findimus
1405 2020 1557 2068 aequor

442 2070 643 2133 Sponte.
685 2070 764 2116 sed
786 2071 977 2117 audaces
999 2070 1208 2132 cogimur
1229 2085 1329 2116 esse
1350 2078 1490 2119 metu.

374 2133 462 2182 Me
484 2137 712 2188 miserum,
735 2136 916 2194 quantis
936 2137 1196 2182 increscunt
1216 2150 1400 2196 aequora
1419 2137 1587 2196 ventis3

428 2200 676 2264 Erutaque
698 2215 757 2245 ex
778 2201 881 2246 imis
901 2200 1048 2247 fervet
1068 2215 1205 2246 arena
1225 2200 1381 2248 vadis!

374 2255 545 2321 Monte
565 2279 651 2310 nec
672 2264 856 2311 inferior
875 2277 1024 2326 prorae
1045 2266 1274 2327 puppique
1295 2281 1497 2313 recurvae

442 2329 604 2383 Insilit,
628 2336 675 2375 et
695 2330 841 2390 pictos
860 2331 1069 2377 verberat
1089 2330 1210 2376 unda
1231 2330 1382 2378 Deos.

374 2393 520 2442 Pinea
540 2401 667 2440 texta
689 2403 880 2441 sonant·
867 2429 882 2452 ‚
915 2395 1034 2456 pulsi
1055 2395 1246 2441 stridore
1266 2396 1501 2443 rudentes.

441 2459 671 2519 Adgemit-
684 2467 730 2505 et
751 2461 918 2507 nostris
939 2461 1038 2521 ipsa
1057 2460 1209 2506 carina
1228 2460 1375 2507 malis.
1628 2465 1680 2510 10

372 2521 560 2577 Navita,
583 2524 815 2571 confessus
836 2525 989 2587 gelido
1008 2524 1179 2586 pallore
1199 2525 1427 2580 timorem,

439 2587 544 2637 Jam
569 2591 768 2650 sequitur
788 2591 971 2643 victam,
1004 2604 1096 2636 non
1121 2591 1242 2650 regit
1260 2595 1371 2642 arte,
1395 2596 1541 2638 ratem.
1585 2647 1586 2650 Ἰ

374 2651 534 2714 thue
553 2669 711 2715 pamm
732 2655 909 2701 validus
931 2670 1024 2700 non
1044 2652 1324 2715 proficientia
1343 2662 1488 2703 rector

440 2716 656 2769 Cervicis
667 2717 826 2783 rigidae
845 2718 978 2766 frena
995 2719 1192 2774 remittit,
1207 2733 1352 2781 equo}
