1842 2966
325 175 391 219 64
525 221 539 229 ,
671 170 728 221 Ρ.
760 169 995 222 OVIDII
1029 168 1330 221 NASONIS

329 299 380 348 U
430 317 488 349 ue
506 302 639 366 piger
658 305 792 367 pandi
813 312 948 368 tergo
969 304 1191 352 residebat
1210 301 1349 358 aselli,

441 366 607 430 dplicat
625 371 747 417 hunc
770 371 894 418 ulmo
910 371 1240 430 corticibusque
1263 368 1401 415 cavis.
1545 373 1562 381 ‘
1598 368 1711 415 750

333 429 553 480 Constitit
573 435 670 498 ipse
692 451 825 498 super
847 450 1025 484 ramoso
1049 435 1200 495 stipite
1222 434 1384 480 nixus:
1645 460 1656 464 >

395 497 551 559 Atque
572 497 704 547 avide
726 510 888 548 trunco
910 501 1093 548 condita
1113 499 1249 545 mella
1268 499 1395 561 petit.

329 560 484 610 Millia
503 567 769 613 crabronum
793 567 971 621 coeunt,
997 572 1044 612 et
1064 566 1235 611 vertice
1255 563 1377 610 nudo
1473 615 1482 621 ,

368 626 377 635 '
396 628 578 691 Spicula
599 631 814 694 defigunt,
839 642 1006 692 oraque
1027 645 1205 676 summa
1225 635 1399 675 notant.

334 690 422 741 Ille
446 696 565 742 eadit
586 711 800 758 praeceps,
824 703 871 742 et
893 696 1017 742 calce
1032 695 1190 741 feritur
1212 694 1365 741 aselli:

399 756 710 822 Inclamatque
733 776 850 814 suos,
876 761 1182 821 auxiliumque
1203 764 1350 821 rogat.

330 822 625 873 Concurrunt
647 826 812 886 Satyri,
837 827 1154 887 turgentiaque
1176 840 1256 871 ora
1276 822 1479 886 parentis

399 889 603 937 Rident:
642 905 857 952 percusso
879 891 1101 937 claudicat
1120 890 1197 937 ille
1217 904 1356 951 genu.

330 953 474 1003 Ridet
495 962 542 1001 et
561 955 657 1018 ipse
679 954 843 1003 Deus:
884 957 1131 1017 limumque
1152 955 1365 1001 inducere
1387 959 1641 1001 monstrat.

399 1019 494 1066 Hic
509 1028 638 1081 paret
657 1022 856 1076 monitis,
879 1029 929 1067 et
948 1021 1051 1067 linit
1063 1035 1150 1068 ‘ora
1169 1021 1281 1067 luto.
1584 1023 1689 1067 760

331 1084 479 1135 Melle
497 1093 625 1147 pater
644 1085 838 1133 fruitur:
875 1087 1057 1147 liboque
1075 1085 1226 1132 infusa
1245 1086 1410 1132 calenti
1703 1084 1708 1093 '

296 1146 317 1163 ⁸
396 1148 512 1197 Jure
533 1152 748 1213 repertori
770 1152 960 1200 candida
979 1152 1115 1198 mella
1134 1151 1308 1198 damus.

332 1213 524 1262 Femina
544 1231 626 1263 cur
643 1225 831 1281 presset,
856 1233 949 1264 non
971 1225 1041 1264 est
1063 1217 1249 1264 rationis
1271 1222 1456 1279 opertae.

398 1279 641 1329 Femineos
662 1285 820 1345 thyrso
842 1284 1042 1330 concitat
1055 1282 1132 1329 ille
1152 1282 1329 1330 choros,

336 1343 434 1394 Cur
455 1362 569 1403 anus
591 1349 677 1396 hoc
698 1349 844 1405 faciat,
869 1349 1034 1410 quaeris
1048 1347 1072 1392 ?
1104 1348 1308 1394 vinosior
1329 1353 1441 1394 aetas

277 1459 284 1466 ,
401 1410 523 1459 Haec
545 1421 626 1468 est,
651 1421 697 1461 et
718 1416 921 1477 gravidae
943 1428 1131 1461 munera
1150 1413 1257 1460 vitis
1278 1428 1449 1460 amans.

335 1476 434 1527 Cur
454 1478 620 1527 hedeni⁴
639 1480 788 1528 cincta
808 1488 879 1529 est
893 1480 916 1527 ?
948 1481 1113 1527 hedera
1128 1487 1199 1527 est
1209 1478 1465 1542 gratissima
1473 1475 1673 1527 Baccho.

398 1542 511 1591 Hoc
532 1561 713 1608 quoque
734 1563 815 1594 cur
834 1549 899 1594 ita
920 1547 991 1601 sit,
1016 1546 1164 1593 dicere
1179 1546 1305 1592 nulla
1325 1559 1453 1591 mora
1472 1552 1556 1591 est.

334 1608 563 1672 Nysiades
580 1611 828 1674 Nymphae,
850 1626 1042 1673 puerum
1065 1618 1297 1671 quae‘rente
1319 1608 1528 1665 noverea,

401 1674 539 1723 Hanc
559 1676 767 1723 frondem
791 1678 919 1723 cunis
941 1676 1191 1738 adposuere
1213 1676 1359 1723 novis.
1573 1676 1673 1723 770

334 1740 513 1797 Restat,
537 1749 590 1788 ut
609 1743 852 1796 inveniam,
874 1756 1013 1803 quare
1028 1748 1139 1803 toga
1159 1741 1299 1788 libera
1318 1741 1450 1788 detur

401 1804 616 1853 Lucifero
637 1807 801 1867 pueris,
824 1806 1013 1853 candide
1034 1806 1229 1861 Bacche,
1254 1813 1348 1853 tuo.
1630 1858 1637 1866 .

337 1872 458 1925 Sive,
483 1868 604 1933 quod
624 1872 722 1933 ipse
743 1887 854 1934 puer
878 1887 1060 1936 semper
1072 1871 1345 1935 juvenisque
1364 1870 1557 1929 videris3

400 1935 468 1985 Et
488 1936 638 1983 media
656 1943 727 1984 est
749 1945 859 1984 aetas
879 1939 999 1984 inter
1019 1944 1260 1999 utrumque
1282 1937 1384 1983 tibi:

336 2002 428 2051 Seu
451 2002 556 2063 quia
577 2009 627 2049 tu
649 2009 776 2064 pater
797 2018 860 2058 es,
882 2010 1048 2065 patres,
1073 2018 1154 2050 sua
1173 2003 1378 2064 pignora,
1402 2006 1527 2048 natos

402 2066 738 2116 commendant
758 2083 881 2115 curae
900 2069 1249 2129 numinibusque
1269 2068 1373 2114 tuis.

336 2133 459 2186 Sive,
482 2128 603 2193 quod
623 2148 673 2179 es
697 2131 847 2190 Liber,
870 2135 1011 2181 vestis
1031 2149 1210 2196 quoque
1229 2132 1369 2180 libera
1388 2147 1471 2194 per
1488 2131 1531 2179 te'

339 2205 343 2209 ’
394 2198 622 2251 .8υῐῐιίωι·,
646 2205 694 2245 et
705 2199 815 2245 vitae
836 2199 1055 2247 liberioris
1074 2200 1173 2247 iter.

335 2263 415 2311 An
438 2263 555 2323 quia,
573 2260 677 2310 cum
699 2263 833 2326 prisci
854 2265 1058 2312 colerent
1077 2261 1321 2311 studiosius
1341 2278 1487 2326 ugron,
1580 2293 1588 2314 ι

403 2327 472 2375 Et
492 2329 637 2389 patrio
658 2328 828 2377 faceret
847 2346 951 2377 rure
975 2331 1169 2378 Senator
1191 2345 1318 2391 opus,
1566 2327 1655 2376 780

341 2393 409 2442 Et
429 2400 609 2454 caperet
628 2394 774 2443 fasces
795 2394 823 2442 ὲ
844 2412 984 2443 curvo
1007 2396 1166 2443 consul
1188 2401 1351 2448 aratro,

404 2457 508 2505 Nec
529 2460 699 2508 crimen
721 2462 854 2509 duras
876 2468 997 2509 esset
1016 2462 1180 2508 habere
1199 2474 1395 2516 manus3

339 2522 558 2572 Rusticus
579 2526 637 2573 ad
656 2528 788 2575 ludos
807 2528 1002 2591 populus
1017 2527 1223 2582 veniebat
1244 2525 1292 2571 in
1317 2523 1511 2584 Urbem:
1555 2579 1558 2586 .

408 2589 498 2635 Sed
520 2589 622 2647 Dis,
647 2609 740 2640 non
757 2593 916 2640 studiis
936 2593 1013 2638 ille
1035 2591 1222 2638 dabatur
1242 2591 1402 2636 honos.

341 2652 472 2701 Luce
495 2654 575 2702 sua
588 2657 721 2706 ludos
740 2672 845 2705 uvae
861 2659 1151 2705 ‘commentor
1172 2655 1359 2702 habebat
1376 2669 1394 2697 .-

408 2718 540 2776 Quos
563 2738 667 2770 cum
688 2721 893 2782 taedifera
913 2738 1035 2771 nune
1056 2722 1190 2770 habet
1208 2722 1307 2783 ipse
1328 2715 1450 2767 Dea.
1475 2773 1478 2778 ¹
