1842 2966
1787 43 1788 84 1

317 196 416 243 212
653 185 715 241 P.
745 184 983 240 ov1m1
1012 171 1313 241 NAs'oms
1401 247 1406 256 ,

324 323 449 374 Hoec
469 335 559 384 ego
579 327 744 371 cuncta
760 315 899 386 prinis,
921 315 1058 383 quam
1079 319 1140 377 fe,
1162 321 1409 380 carissime,
1431 327 1642 376 credam

253 399 257 404 ·
389 387 625 437 Mutatum
647 403 803 437 curam
823 388 1085 454 deposuisse
1104 388 1209 434 mei.
1631 396 1696 441 20
1787 389 1788 408 ¹

321 452 557 503 Innumeri
578 462 756 503 montes
775 452 894 501 inte'r‘
914 468 991 500 me
1011 457 1159 514 teque,
1180 450 1375 515 viaeque,

387 517 704 581 Fluminaque,
725 526 772 566 et
794 518 954 581 campi,
976 531 1061 565 nec
1080 517 1198 566 freta
1216 532 1374 581 pauca,
1387 520 1584 583 jacent.

328 581 465 633 Mille
482 591 634 648 potest
654 584 838 639 caussis,
860 579 888 630 ἔ
910 589 958 630 te
978 598 1083 644 quae
1100 583 1232 630 litera
1251 597 1379 646 saepe

394 649 545 699 Missa
564 651 636 707 sit,
658 650 708 697 in
729 658 906 697 nostras
927 648 1053 695 nulla
1073 649 1228 695 venire
1245 662 1426 697 manus.

331 713 470 765 Mille
490 723 643 764 tamen
664 729 848 762 caussas
867 713 1102 761 scribendo
1123 714 1258 760 vince
1271 711 1554 776 frequenter
1572 734 1588 767 ι

394 780 628 834 Excusem
650 796 710 828 ne
730 787 778 827 te
797 794 989 843 semper,
1012 778 1168 835 amice,
1190 779 1317 826 mihi.

776 967 1048 1023 ELEGIA
1080 970 1229 1019 VIII.

336 1103 372 1153 J
374 1114 450 1150 ιιι
470 1116 574 1150 mea
593 1115 795 1166 cygneus
814 1102 1050 1152 imitantur
1071 1108 1276 1165 tempora
1289 1101 1489 1166 plumas,

401 1166 556 1215 Inficit
575 1175 623 1216 et
644 1170 798 1230 nigras
819 1169 920 1216 alba
942 1176 1126 1217 senecta
1146 1181 1299 1215 comas
1312 1185 1326 1214 ι

335 1232 445 1283 Jam
467 1234 661 1281 subeunt
681 1234 787 1281 anni
807 1234 1016 1298 fragiles,
1031 1241 1078 1281 et
1097 1234 1286 1281 inertior
1306 1239 1448 1281 aetase

401 1296 599 1359 Jamque
618 1313 776 1362 parum
796 1297 931 1347 firmo
944 1314 1022 1346 me
1040 1299 1151 1345 mihi
1173 1297 1292 1345 ferre
1311 1311 1454 1370 grave
1470 1305 1563 1348 est.

339 1362 483 1412 Nunc
505 1372 613 1420 erat,
635 1371 688 1411 ut
706 1363 856 1427 posito
877 1362 1199 1411 deberem·fine
1218 1362 1425 1411 laborum

405 1427 592 1485 Vivere,
613 1443 690 1476 me
710 1429 837 1476 nullo
858 1428 1130 1475 sollicitante
1150 1434 1307 1475 metut

341 1494 555 1556 Quaque
573 1507 692 1542 meae
711 1507 889 1555 semper
907 1493 1174 1553 placuerunt
1195 1493 1290 1540 otia
1309 1494 1471 1550 menti,

558 1575 633 1618 re;
659 1564 707 1606 et
726 1559 774 1605 in
799 1557 957 1605 studiis
977 1557 1175 1605 molliter
1195 1573 1296 1605 esse
1316 1558 1462 1605 meis:

341 1622 410 1674 Et
541 1636 616 1672 am
636 1624 861 1671 celebrare
880 1622 1082 1678 domum,
1104 1629 1368 1685 veteresque
1390 1621 1597 1673 Penates
1607 1639 1628 1684 ὅ

456 1696 477 1735 t
496 1702 601 1750 quae
621 1700 743 1737 nunc
765 1687 949 1734 domino
972 1703 1075 1735 rura
1093 1694 1280 1751 paterna
1300 1694 1488 1737 carent:
1631 1693 1692 1738 10

340 1752 500 1867 Intgzec
507 1755 609 1802 sinu
628 1754 839 1809 dominae,
862 1753 1067 1815 carisque
1085 1754 1336 1817 nepotibuS,
1357 1754 1500 1817 inque

344 1882 472 1936 Haee
485 1816 1095 1948 &figaguiffisslrsasgei
1105 1816 1375 1948 ,ἕξιππα
1395 1889 1511 1933 aetas
1525 1902 1540 1933 ε

410 1948 519 1999 Hos
534 1964 624 2013 ego
644 1949 711 1997 sic
732 1963 876 1997 annos
894 1964 1064 2012 ponere
1083 1949 1252 2012 dignus
1266 1963 1405 1997 eram.

345 2013 461 2063 Non
483 2016 548 2064 ita
568 2014 662 2063 Dis
681 2015 860 2062 visum:
898 2016 975 2077 qui
996 2028 1073 2063 me
1095 2013 1308 2076 terraque
1324 2014 1534 2077 marique

409 2080 581 2128 Actum
605 2079 866 2128 Sarmaticis
885 2093 1136 2144 exposuere
1154 2081 1284 2128 locis.

345 2142 409 2193 In
424 2160 538 2193 cava
563 2145 789 2192 ducuntur
808 2160 988 2208 quassae
1008 2147 1184 2194 navalia
1202 2160 1390 2209 puppes,

410 2207 491 2257 Ne
511 2218 681 2257 temere
701 2211 750 2256 in
771 2211 933 2259 mediis
952 2210 1256 2259 dissoliiantur
1277 2211 1418 2273 aquis-

347 2273 428 2325 Ne
446 2274 590 2329 cadat,
614 2279 662 2322 et
681 2275 848 2323 multas
867 2276 1042 2338 palmas
1061 2277 1321 2325 inhonestet
1341 2275 1538 2339 adeptas,

413 2338 684 2401 Languidus
702 2340 750 2386 in
771 2341 913 2402 pratis
933 2343 1141 2403 gramina
1158 2342 1302 2404 carpit
1321 2355 1481 2403 equus.
1622 2342 1687 2386 m

349 2401 506 2457 Miles,
527 2409 581 2448 ut
599 2404 798 2452 emeritis
813 2419 906 2452 non
929 2412 1001 2453 est
1021 2407 1128 2454 satis
1150 2407 1274 2453 utilis
1295 2406 1439 2461 annis,

414 2465 557 2514 Ponit
575 2467 634 2515 ad
649 2470 870 2530 antiquos,
891 2485 996 2532 quae
1015 2471 1120 2518 tulit
1140 2485 1277 2526 arma,
1299 2468 1462 2518 Lares.

350 2530 430 2580 Sic
446 2531 597 2592 igitur,
623 2533 751 2580 tarda
769 2535 891 2583 vires
912 2536 1147 2583 minuente
1168 2533 1363 2591 senecta,

391 2602 395 2607 '
415 2594 504 2643 Me
522 2610 702 2658 quoque
723 2599 879 2646 donari
893 2601 991 2663 jam
1015 2600 1138 2655 rude,
1163 2608 1341 2664 tempus
1363 2605 1471 2647 erat.

348 2655 553 2723 Tempus
566 2668 675 2718 erat,
696 2678 783 2711 nec
802 2679 878 2711 me
897 2667 1185 2728 peregrinum
1207 2665 1373 2711 ducere
1391 2661 1574 2720 eoelum,

413 2722 521 2773 Nee
540 2725 706 2778 siccam
726 2728 895 2781 Getico
912 2728 1044 2780 fonte
1062 2730 1215 2778 levare
1235 2729 1356 2778 sitim
1371 2746 1387 2778 z
