1842 2966
327 222 436 267 318,
671 214 728 265 P.
762 214 997 264 ovlmt
1029 213 1331 264 NASONIS

323 343 445 398 cum
465 353 618 395 tamen
638 344 668 395 ὲ
686 345 818 395 turba
836 362 989 394 rerum
1010 347 1285 410 requieverit
1303 348 1519 405 harumg.

387 412 466 460 Ad
484 428 571 460 vos
591 419 847 460 mansuetas
865 414 1070 475 porriget
1089 413 1167 460 ille
1186 426 1348 459 manus
1364 429 1379 458 ε

232 483 236 487 ’
324 477 537 539 Quidque
556 494 719 540 parens
740 494 829 541 ego
850 488 1003 524 vester
1025 492 1170 540 agam,
1192 477 1388 525 fortasse
1411 477 1633 539 requiret-

387 541 522 591 Talia
542 559 625 591 vos
646 544 711 590 illi
732 543 919 590 reddere
940 544 1074 590 verba
1096 543 1248 589 velim.
1610 545 1680 588 ³0

322 606 455 656 Vivit
476 610 634 661 adhue.
658 609 886 669 vitamque
905 608 987 656 tibi
1009 609 1170 655 debere
1188 607 1372 661 fatetur,

390 674 544 729 Quam
567 672 689 736 prius
710 671 739 721 ἦ
758 674 862 720 miti·
881 669 1068 721 Caesare
1087 688 1252 721 munus
1273 672 1426 719 habet.

321 738 395 787 Te
417 740 513 794 sibi,
536 738 640 785 curn
660 740 853 801 fugeret,
875 740 1067 786 memori
1089 738 1205 785 solet
1225 752 1306 785 ore
1327 736 1520 793 referre,

386 804 618 852 Barbariae
639 811 759 864 tutas
781 804 1036 851 exhibuisse
1054 805 1166 851 vias.

325 870 558 932 Sanguine
579 868 838 916 Bistonium
860 866 982 930 qudd
1003 884 1097 915 non
1117 867 1381 930 tepefecerit
1400 881 1584 923 ensem,

388 934 617 982 Effectum
640 932 748 981 cura
767 935 964 995 pectoris
984 949 1086 981 esse
1104 935 1186 980 tui.

324 1000 493 1049 Addita
513 1007 734 1061 praeterea
753 998 863 1045 vitae
884 1014 1063 1059 quoque
1083 999 1228 1046 multa
1245 997 1435 1046 tuendae

385 1063 604 1118 Munera„
621 1078 679 1108 ne
701 1063 902 1124 proprias
924 1070 1176 1110 attenuaret
1198 1079 1321 1126 opes.

324 1129 418 1177 Pro
440 1129 600 1189 quibus
621 1135 672 1175 ut
692 1128 867 1175 meritis
887 1128 1106 1176 referatur
1125 1130 1285 1190 gratia,
1297 1129 1443 1191 jurat,

324 1194 451 1307 NSe
470 1192 569 1240 fore
589 1194 875 1255 mancipium,
900 1201 1080 1255 tempus
1099 1195 1149 1239 in
1170 1208 1320 1249 omne,
1341 1201 1492 1240 tuum.
1611 1197 1676 1240 40

324 1256 595 1374 NEprius
615 1256 828 1305 umbrosa
848 1259 1068 1305 carituros
1089 1259 1247 1305 arbore
1266 1266 1465 1314 montes,

517 1331 591 1371 eta
610 1324 831 1371 velivolas
852 1339 946 1370 non
967 1324 1171 1370 habitura
1190 1331 1323 1379 rates,

323 1324 656 1450 Flfminaque·
644 1405 691 1435 ιη
712 1389 863 1435 fontes
885 1403 1020 1436 cursu
1042 1389 1239 1435 reditura
1259 1388 1459 1451 supino·
1442 1423 1462 1449 ,

390 1455 552 1504 Gratia
572 1451 706 1517 quam
728 1454 876 1503 meriti
896 1454 1042 1516 possit
1060 1453 1184 1502 abire
1202 1454 1283 1501 tui.

326 1520 449 1569 Haec
470 1521 546 1567 ubi
567 1521 781 1575 dixeritis,
806 1527 956 1566 servet
976 1534 1060 1567 sua
1077 1520 1210 1575 dona,
1233 1528 1408 1582 rogate.

391 1587 468 1636 Sid
487 1584 624 1634 fuerit
646 1594 808 1633 vesttae
830 1599 990 1632 caussa
1009 1592 1191 1647 peracta
1210 1586 1316 1632 viae.

762 1777 1104 1846 QPISTOLA
1138 1782 1230 1830 VI.

908 1927 1081 1961 nmmo·

324 2043 485 2099 Qum
503 2043 635 2106 legis,
658 2056 718 2090 ex
736 2044 826 2093 illis
846 2043 926 2091 tibi
947 2044 1073 2090 venit
1094 2043 1294 2106 epistola,
1318 2042 1483 2100 Brute,

391 2106 627 2155 Nasonem
649 2109 793 2155 nolles
815 2110 862 2155 in
883 2110 1044 2170 quibus
1065 2124 1179 2164 esse,
1201 2108 1328 2156 locis.

327 2173 431 2227 sed.
455 2180 506 2220 tu
528 2173 649 2234 quod
670 2174 827 2229 nolles,
850 2175 996 2220 voluit
1016 2174 1267 2221 miserabile
1286 2172 1449 2220 famm-

391 2237 486 2285 Hei
509 2239 631 2293 mihi,
656 2237 755 2299 plus
777 2238 900 2293 illud,
923 2236 1059 2300 quam
1081 2248 1161 2286 tua
1180 2246 1300 2293 vota,
1325 2238 1474 2287 valet!

324 2302 382 2350 In
408 2300 595 2364 Scythia
614 2303 741 2357 nobis
761 2304 1060 2364 quinquennis
1081 2303 1316 2366 Olympias
1337 2311 1440 2351 acta
1460 2309 1565 2351 est.

385 2366 490 2416 Jam
516 2374 693 2428 tempus
714 2368 842 2414 lustri
862 2370 1026 2415 transit
1048 2370 1094 2416 in
1117 2369 1314 2416 alterium

325 2431 507 2480 Perstat
527 2432 646 2477 enirn
674 2431 876 2480 Fortuna
895 2440 1046 2489 tenax,
1070 2435 1278 2495 votisque
1290 2433 1554 2495 malignum

388 2496 590 2557 opponit
611 2499 779 2544 nostris
798 2498 1013 2545 insidiosa
1030 2500 1206 2559 pedem·

323 2560 489 2610 Certus
510 2575 611 2608 eras
631 2577 713 2624 pro
737 2577 826 2617 me,
849 2562 1002 2610 Fabiae
1023 2563 1117 2620 lux,
1141 2563 1365 2619 Maxime,
1384 2564 1557 2626 gentis,

387 2624 573 2672 Numen
595 2628 652 2673 ad
674 2627 940 2688 Augustum
963 2629 1163 2690 supplice
1183 2645 1298 2676 voce
1317 2629 1460 2690 loqui.
1600 2633 1658 2678 10

318 2689 500 2739 Occidis
514 2697 621 2738 ante
635 2706 812 2752 preces,
837 2707 1132 2754 caussamque
1146 2708 1248 2757 ego,
1257 2693 1485 2752 Mutine,
1498 2695 1655 2744 mortu

385 2752 511 2816 (Nec
531 2754 707 2804 fueram
727 2753 863 2818 tanti)
886 2768 964 2804 me
982 2772 1088 2807 reor
1107 2773 1208 2809 esse
1227 2766 1335 2808 tuae.
