1842 2966
307 136 375 183 oo
636 135 692 187 P.
724 138 959 190 ov1D11
992 138 1303 227 nasoms·

308 261 432 310 Tum
453 264 648 326 primum
671 268 800 319 Dido
819 273 932 322 felix
952 279 1024 323 es't
1043 278 1163 326 dicta
1183 285 1338 340 sorori,
1420 279 1426 286 ’

375 327 442 375 Et
463 346 758 397 quaecumque
778 339 971 401 aliquam
984 357 1171 405 corpore
1188 352 1353 409 pressit
1373 355 1589 411 humum,

308 391 492 455 Figitur
512 397 569 445 ad
585 397 792 451 Laurens
812 404 986 467 ingenti
1008 407 1192 457 flamine
1211 413 1318 462 litus

377 457 578 524 Puppisz
605 472 663 520 et,
687 471 901 530 expositis
923 469 1142 529 omnibus,
1168 477 1325 528 hausta
1345 488 1476 546 perit.
1559 486 1670 546 δὈο

306 521 416 573 Jam
438 527 539 588 pius
561 529 735 580 AEneas
758 549 901 596 regno
923 534 1115 598 nataque
1137 539 1290 591 Latini

356 590 553 641 -Auctus
574 605 670 644 erat
682 615 698 655 ς
720 601 911 661 populos
932 601 1260 668 miscueratque
1281 612 1407 664 duos.

303 651 466 704 Litore
486 659 637 718 dotali,
661 664 757 713 solo
779 666 1019 714 comitatus
1040 668 1230 730 Achate,

378 721 613 772 secretum
635 728 758 774 nudo
780 729 887 775 dum
909 732 1024 793 pede
1045 738 1185 798 carpit
1204 740 1318 800 iter-3

243 816 252 833 x
308 787 518 851 Adspicit
538 799 774 847 errantem,
793 809 877 840 nec
899 797 1082 846 credere
1104 805 1295 854 sustinet
1314 808 1501 864 Annam

373 853 506 901 Esse.
553 855 677 910 Quid
698 857 745 902 in
768 856 930 907 Latios
951 863 1029 910 illa
1049 867 1223 915 veniret
1243 887 1379 935 agros
1391 878 1413 923 Ρ

308 916 439 966 Dum
461 934 615 966 secum
636 920 844 972 AEneas=
883 925 1023 975 Anna
1037 938 1120 987 est,
1142 935 1364 986 exclamat
1386 945 1607 1003 Achate..

372 982 451 1029 Ad
472 999 638 1032 nomen
661 988 814 1035 vultus
834 993 1018 1040 sustulit
1037 994 1114 1043 illa
1135 1013 1254 1049 suos.

307 1043 417 1102 Qud
436 1047 621 1110 fugiat?
643 1053 751 1112 quid
772 1062 880 1117 agat
893 1056 916 1102 ?
939 1074 1053 1119 quos
1077 1068 1208 1112 terrae
1228 1081 1402 1128 quaerat
1422 1077 1605 1133 hiatus?

371 1112 498 1160 Ante
509 1115 664 1164 oculos
686 1119 865 1168 miserae
884 1121 979 1171 fata
999 1129 1165 1175 sororis
1186 1130 1328 1183 era'nt.
1549 1156 1650 1203 610

307 1176 474 1231 Sensit,
497 1187 544 1227 et
565 1182 818 1245 adloquitur
839 1190 1056 1250 trepidam
1076 1191 1350 1254 Cythereius
1372 1205 1532 1261 heros:

372 1241 477 1291 Flet
496 1251 646 1297 tamen
669 1249 900 1300 admonitu
923 1257 1094 1313 mortis,
1120 1258 1282 1320 Elissa,
1307 1274 1415 1318 tuae.

306 1306 458 1364 Anna,
481 1325 563 1371 per
583 1313 700 1361 hanc
710 1315 833 1378 juro,
856 1334 991 1379 quam
1013 1325 1239 1383 quondam
1261 1334 1415 1384 audire
1436 1343 1616 1399 soleba.

371 1371 605 1425 Tellurem
624 1378 719 1426 fato
740 1386 1021 1446 prosperiore
1037 1388 1155 1448 dari;

222 1455 227 1459 ¹
307 1437 491 1502 Perque
511 1441 643 1492 Deos
658 1448 859 1506 comites,
877 1451 961 1499 hae
973 1468 1118 1516 nuper
1132 1458 1239 1507 sede
1259 1460 1457 1530 locato„

374 1506 506 1570 Saepe
522 1524 645 1558 meas
666 1512 767 1561 illos
787 1516 1064 1579 increpuisse
1084 1537 1247 1571 moras.

304 1569 410 1619 Nec
431 1574 562 1622 timui
583 1576 638 1623 de
654 1585 800 1626 morte
819 1588 1001 1629 tamen:
1030 1594 1178 1635 metus
1200 1592 1340 1642 abfuit
1355 1597 1460 1650 iste.

374 1636 469 1684 Hei
484 1640 614 1688 mihi!
637 1634 837 1690 'credibili
855 1645 1016 1694 fortior
1034 1650 1112 1697 illa
1125 1652 1224 1701 fuit.

307 1700 388 1750 Ne
410 1702 548 1749 resera
573 1705 776 1768 Adspexi
799 1724 891 1756 non
912 1711 991 1759 illo
1012 1723 1194 1778 pectore
1215 1721 1354 1785 digna

373 1766 592 1824 Vulnera,
616 1768 854 1834 Tartareas
875 1790 1011 1825 ausus
1034 1780 1156 1830 adire
1176 1785 1351 1839 domos.

259 1829 264 1839 “
309 1831 377 1878 At
397 1838 461 1888 tu,
479 1849 559 1880 seu
581 1836 695 1883 ratio
716 1844 763 1883 te
779 1842 947 1889 nostris
967 1844 1137 1907 adpulit
1157 1852 1263 1908 oris,

374 1897 482 1946 Sive
503 1899 668 1959 Deus;
693 1905 823 1965 regni
843 1910 1082 1957 commoda
1101 1928 1236 1977 carpe
1257 1923 1359 1969 mei.

306 1961 462 2010 Multa
484 1965 558 2011 tibi
583 1981 820 2025 memores,
843 1972 908 2018 nil
931 1989 1023 2021 non
1046 1977 1258 2029 debemus
1279 1985 1463 2043 Elissae.

373 2026 576 2076 Nomine
594 2041 725 2093 grata
745 2040 838 2090 tuo,
861 2046 994 2098 grata
1014 2046 1193 2101 sororiS,
1216 2051 1319 2099 eris.

304 2090 438 2140 Talia
460 2093 624 2141 dicenti
647 2098 817 2161 (neque
837 2103 959 2149 enim
981 2120 1083 2167 spes
1105 2109 1244 2161 altera
1264 2120 1426 2183 restat)

375 2156 607 2216 Credidit3
632 2177 805 2212 errores
826 2172 1124 2234 exposuitque
1145 2191 1265 2227 suos.

308 2221 470 2283 thue
490 2225 673 2273 domum
696 2229 880 2278 intravit
900 2231 1071 2296 Tyrios
1084 2239 1240 2291 induta
1250 2258 1446 2310 paratus»,

321 2326 329 2331 ,
372 2286 540 2350 Incipit
554 2289 749 2342 AEneas:
777 2296 951 2360 (cetera
970 2303 1100 2351 turba
1120 2306 1258 2371 silet.)

308 2352 448 2400 Hanc
470 2356 548 2402 tibi
571 2372 652 2404 cur
671 2361 857 2418 tradam,
881 2365 955 2426 pia
974 2383 1142 2428 caussa,
1163 2371 1357 2428 Lavinia
1376 2388 1547 2450 conjux,

372 2418 464 2466 Est
484 2421 620 2468 mihi:
657 2430 884 2476 consumsi
907 2433 1152 2497 naufragus
1172 2439 1305 2503 huJus
1326 2462 1448 2508 opes.
1540 2465 1628 2512 530

308 2482 423 2530 Orta
438 2482 582 2546 Tyro,
605 2503 797 2553 regnum
819 2492 997 2557 Libyca
1015 2504 1214 2560 possedit
1233 2507 1280 2554 in
1302 2510 1410 2561 ora:

374 2548 527 2604 Quam
546 2568 709 2614 precor
723 2564 780 2604 'ut
801 2574 919 2608 carae
941 2577 1069 2610 more
1088 2571 1255 2617 sororis
1275 2588 1414 2628 ames.

307 2611 475 2662 Omnia
495 2620 730 2678 promittit,
751 2623 1005 2689 salsumque
1027 2627 1221 2682 Lavinia
1243 2640 1407 2691 vulnus

376 2678 541 2730 Mente
561 2688 725 2750 premit
744 2687 894 2748 tacita.
917 2693 1258 2762 dissimulatque
1271 2703 1485 2763 fremens.

1541 1812 1642 1861 620
