1842 2966
828 109 845 136 X

477 167 821 223 TRISTIUM
854 172 962 222 Lu.
982 171 1079 223 111.
1115 176 1193 221 12.
1403 177 1499 252 {95

161 304 424 366 Hermique,
448 318 553 365 quae
572 304 706 352 latuit
728 300 991 353 Cerealibus
1010 304 1169 351 obruta
1189 304 1340 361 sulcis,

232 370 421 418 Exserit
441 366 468 417 ὲ
490 368 641 433 tepida
660 370 799 419 mone
817 384 1034 418 cacmnen
1054 370 1209 417 humo.

163 435 368 496 Quoque
386 436 489 482 loco
510 441 582 482 est
598 436 719 491 vitis,
741 436 798 482 de
816 436 1002 498 palmite
1020 448 1203 497 gemma
1222 442 1453 483 movetur:

232 499 359 548 Nam
381 501 539 562 procui
558 498 586 548 d
610 501 776 548 Getico
795 501 930 548 litore
950 501 1057 547 vitis
1073 501 1214 547 abest.

164 564 371 626 Quoque
390 565 492 615 loco
508 573 578 613 est
600 567 743 623 arbor,
766 567 988 629 turgescit
1007 566 1057 612 in
1078 566 1236 612 arbore
1256 579 1432 614 mnus:

233 629 362 677 Nam
381 631 541 693 procul
560 628 587 678 ὲ
611 631 788 679 Geticis
806 631 969 678 finibus
991 631 1122 677 arbor
1142 631 1283 678 abest.

162 694 285 744 otia
304 709 425 742 nunc
446 695 572 743 istic:
592 695 855 759 junctisque
874 709 936 742 ex
955 695 1113 743 ordine
1132 695 1249 741 ludis

237 757 424 808 Cedunt
442 761 618 809 verbosi
639 761 822 823 garrula
839 760 959 807 bella
976 759 1079 807 fori.

170 823 307 874 Usus
326 826 431 887 equi
453 840 573 873 nunc
594 833 679 881 est,
698 826 875 873 levibus
896 840 1018 872 nunc
1037 824 1208 873 luditur
1228 824 1392 872 armis:

234 889 380 937 Nunc
399 890 502 953 pila,
526 905 648 940 nunc
667 891 804 938 celeri
824 891 1025 939 volvitur
1046 889 1153 937 orbe
1173 891 1373 938 trochus.
1439 892 1509 937 20

165 952 326 1011 Nunc,
350 956 423 1002 ubi
444 956 625 1018 perfusa
644 963 714 1003 est
735 955 837 1003 oleo
850 956 1031 1003 labente
1039 957 1274 1017 juventus,

235 1019 463 1069 Defessos
482 1028 608 1069 anus
630 1020 827 1085 Virgine
845 1021 1016 1084 tinguit
1037 1019 1167 1081 aqud.

169 1085 324 1135 Scena
344 1086 483 1148 viget,
507 1088 754 1149 studiisque
771 1087 902 1135 favor
923 1086 1191 1135 distantibus
1206 1085 1359 1133 ardet:

236 1149 583 1214 Proque‘tribus
604 1159 819 1200 resonant
838 1160 970 1199 terna
988 1151 1192 1199 Theatra
1209 1150 1360 1199 Foris.

168 1214 217 1265 Ο
240 1224 413 1277 quater,
436 1224 481 1264 et
502 1219 679 1279 quoties
699 1232 793 1266 non
815 1224 885 1265 est
906 1231 1160 1274 numerare,
1179 1216 1378 1273 beatum,

238 1280 354 1328 Non
374 1282 612 1330 interdicta
627 1283 701 1330 cui
720 1284 828 1331 licet
849 1282 981 1330 Urbe
999 1281 1089 1329 frui
1107 1279 1120 1330 !

166 1345 244 1396 At
263 1346 375 1394 mihi
397 1348 588 1395 sentitur
609 1349 690 1397 nix
709 1364 854 1396 verno
876 1347 974 1395 sole
996 1347 1157 1402 soluta,

237 1410 451 1474 Quaeque
470 1412 571 1461 lacu
593 1414 708 1461 duro
729 1415 809 1461 vix
828 1412 1061 1462 fodiantur
1080 1424 1224 1473 aquae.

165 1474 280 1526 Nec
300 1492 427 1526 mare
448 1481 697 1529 concrescit
712 1477 884 1544 glacIe:
912 1494 1015 1533 nec,
1036 1483 1087 1524 ut
1103 1473 1223 1533 ante,
1245 1490 1327 1538 per
1344 1471 1513 1523 Istrum

238 1542 441 1594 stridula
463 1543 753 1593 Sauromates
772 1546 974 1609 plaustra
992 1542 1209 1591 bubulcus
1230 1541 1341 1604 agit.
1448 1542 1517 1586 50

165 1605 403 1671 Incipient
422 1609 585 1671 aliquae
606 1618 759 1660 tamen
778 1612 869 1658 huc
891 1610 1057 1659 adnare
1077 1608 1258 1663 carinae,

242 1673 530 1737 Hospitsque
550 1675 597 1722 in
623 1676 763 1724 Ponti
784 1677 916 1723 litore
937 1673 1097 1737 puppis
1119 1672 1237 1731 erit3

169 1739 375 1788 Sedulus
395 1754 627 1788 occurram
640 1748 819 1790 nautae:
847 1740 1055 1802 dictiique
1076 1738 1236 1794 salute,

243 1803 373 1859 Quid
393 1806 558 1861 veniat,
583 1821 798 1868 quaeram,
820 1808 995 1868 quisve,
1017 1806 1236 1866 quibusve
1256 1801 1385 1849 locis.

169 1867 266 1917 me
286 1870 467 1931 quidem
489 1871 667 1927 mirum,
690 1872 739 1917 ni
761 1871 817 1918 de
839 1872 1026 1933 regione
1044 1866 1296 1932 propinun

243 1932 360 1982 Non
382 1935 468 1982 nisi
489 1936 661 1983 vicinas
677 1943 802 1983 tutus
823 1935 960 1984 ararit
981 1949 1133 1996 aquas.

170 1999 335 2049 Rarus
350 2000 407 2046 ab
428 1998 561 2047 Italiz'i
579 2007 757 2048 tantum
777 2016 903 2048 mare
924 2000 1078 2047 navita
1097 1998 1288 2045 transit:

245 2063 409 2112 Litora
430 2080 558 2113 rarus
577 2066 627 2112 in
647 2067 748 2113 haec
768 2067 986 2129 portubus
1009 2065 1118 2111 orba
1138 2063 1279 2118 venit.

176 2130 294 2178 Sive
314 2136 467 2177 tamen
492 2128 636 2193 Graja
656 2132 818 2187 scierit,
843 2132 941 2179 sive
962 2130 1037 2177 ille
1061 2125 1229 2175 Latina

247 2193 381 2243 Voce
401 2195 526 2256 loqui
543 2213 559 2254 ς
582 2193 708 2243 cei-td
729 2197 901 2258 gratior
920 2196 1057 2258 huJus
1077 2194 1177 2240 erit.
1296 2187 1304 2199 ¹
1455 2193 1523 2236 40

178 2258 279 2309 Fas
301 2275 480 2321 quoque
501 2261 558 2307 ab
579 2276 658 2309 ore
677 2261 782 2308 freti
801 2262 1046 2322 longaeque
1068 2256 1372 2320 Propontidos
1394 2253 1525 2303 undis

250 2323 364 2372 Huc
385 2325 580 2387 aliquem
602 2332 727 2373 certo
747 2325 851 2374 vela
865 2325 1041 2372 dedisse
1055 2322 1202 2371 Noto.

182 2389 407 2452 Quisquis
427 2392 467 2438 is
489 2397 571 2447 est,
595 2393 784 2439 memori
805 2405 1033 2438 rumorem
1054 2404 1169 2436 voce
1191 2385 1370 2443 referre,

251 2453 322 2503 Et
346 2452 443 2503 fieri
460 2455 595 2504 famae
613 2460 807 2519 parsque
828 2455 1085 2519 gradusque
1105 2458 1269 2515 potest.

178 2516 238 2568 Is
291 2534 422 2568 recor
444 2521 619 2570 auditos
633 2523 778 2585 possit
797 2535 980 2568 narrare
1000 2519 1255 2580 triumphos

255 2534 469 2642 {sesai-is,
490 2594 539 2634 et
558 2586 694 2636 Latio
716 2588 889 2635 reddita
905 2592 1016 2633 vota
1034 2583 1166 2633 Joviz

186 2648 236 2700 Τ
294 2666 353 2698 ue
373 2652 629 2700 rebellatrix
642 2653 837 2709 tandem,
863 2651 1125 2705 Germania,
1146 2647 1302 2709 magni

233 2665 416 2767 e'ii-iste
435 2724 571 2782 caput
590 2719 777 2783 pedibus
799 2715 1088 2782 supposuisse
1108 2712 1273 2763 Ducis.
