1842 2966
295 125 389 189 ,⁵21
658 123 715 178 Ρ,
749 123 984 175 ovum
1017 120 1318 174 nasama

317 251 423 300 Nec
443 254 543 301 sine
563 255 609 301 vi
632 256 838 305 tradent:
877 256 1086 304 adhibeto
1106 255 1288 304 vincula
1305 253 1466 331 captis,

384 319 542 380 Atque
561 321 637 376 ita,
660 321 748 382 qua
767 323 957 385 possint,
980 321 1139 376 erudit,
1163 328 1259 369 arte
1280 334 1394 382 capt.

318 381 476 432 Lucus
498 385 732 434 Aventino
753 388 934 435 suberat
952 386 1083 449 niger
1100 387 1215 433 ilicis
1237 382 1408 439 umbra.

386 449 495 505 Quo
514 467 672 513 posses
687 454 782 500 viso
802 454 964 507 dicere,
989 451 1175 499 Numen
1196 453 1329 498 inest.

319 512 379 561 In
401 516 553 563 medio
570 530 772 579 gramen,
796 533 1044 578 muscoque
1063 517 1277 579 adoperta
1296 514 1462 563 virenti

385 580 607 630 Manabat
627 598 738 630 saxo
758 597 875 629 vena
894 583 1106 644 perennis
1124 596 1269 643 aquae.

318 643 437 693 Inde
454 643 552 697 fere
575 649 658 695 soli
682 648 869 694 Faunus
893 645 1119 708 Picusque
1138 647 1362 693 bibebant.
1675 679 1690 685 -

386 711 498 758 Huc
518 715 658 766 venit,
682 722 728 759 et
752 711 887 758 Fonti
912 727 994 758 rex
1016 711 1172 759 Numa
1192 717 1359 758 mactat
1379 723 1531 756 ovem.
1564 710 1687 754 300

319 775 552 839 Plenaque
574 777 747 824 odorati
770 775 862 822 Dis
882 778 1011 838 ponit
1031 777 1193 838 pocula
1215 775 1418 833 Bacchi;

387 841 598 903 Cumque
620 842 713 889 suis
734 848 866 888 antro
887 842 1096 890 conditus
1117 843 1213 906 ipse
1232 842 1358 887 latet.

320 905 399 955 Ad
421 907 580 954 solitos
598 906 791 954 veniunt
812 907 1035 955 silvestria
1057 909 1245 954 numina
1263 905 1418 952 fontes
1431 922 1445 950 ι

320 1024 327 1031 .
374 972 455 1035 ‘Et
475 971 678 1019 relevant
699 972 844 1018 multo
864 980 1049 1034 pectora
1070 974 1189 1020 sicca
1202 987 1345 1019 mero.

321 1036 446 1084 Vina
467 1037 593 1097 quies
615 1036 832 1097 sequitur.
866 1038 1033 1086 Gelido
1056 1037 1215 1086 Numa
1232 1036 1383 1099 prodit
1403 1035 1459 1082 ab
1478 1038 1644 1091 antro,

385 1100 641 1162 Vinclaque
663 1103 831 1164 sopitas
853 1103 976 1151 addit
996 1104 1044 1150 in
1066 1111 1164 1151 arta
1183 1117 1358 1149 manus.

321 1167 522 1215 Somnus
544 1174 595 1213 ut
615 1168 860 1225 abscessit3
895 1169 1114 1231 tentando
1135 1167 1316 1216 vincula
1334 1170 1545 1230 pugnant

385 1230 643 1294 Rumpere:
682 1240 940 1295 pugnantes
958 1231 1121 1281 fortius
1141 1235 1219 1281 illa
1237 1237 1410 1281 tenent.

319 1296 443 1351 Tum
467 1296 637 1353 Numa,
662 1297 732 1345 Di
752 1314 1003 1354 nemorum,
1024 1299 1158 1355 factis
1177 1297 1404 1361 ignoscite
1424 1293 1608 1350 nostris,
1657 1334 1666 1341 .
1689 1331 1695 1335 .

389 1362 440 1410 Si
460 1364 606 1418 scelus
628 1365 812 1425 ingenio
835 1365 960 1411 scitis
981 1365 1137 1412 abesse
1157 1380 1276 1412 meo.
1551 1362 1668 1409 510

318 1427 523 1491 Quoque
543 1428 678 1476 modo
699 1431 843 1493 possit
861 1430 1048 1486 fulmen,
1071 1435 1332 1485 monstrate,
1353 1427 1481 1491 piari.

388 1494 465 1543 Sic
489 1494 660 1546 Numa.
693 1496 769 1543 Sic
791 1498 998 1557 quatiens
1014 1512 1184 1544 cornua
1204 1495 1391 1543 Faunus
1411 1494 1501 1541 aitz

322 1559 503 1623 Magna
521 1562 666 1623 petis3
703 1577 786 1608 nec
809 1577 912 1622 quae
929 1563 1106 1609 monitu
1126 1562 1207 1608 tibi
1230 1562 1401 1608 discere
1419 1564 1578 1608 nostro

387 1624 479 1673 Fas
502 1628 589 1674 sit:
628 1626 794 1673 habent
813 1626 927 1674 fines
948 1628 1136 1674 numina
1155 1634 1312 1674 nostra
1329 1639 1453 1673 suos.

320 1689 392 1738 Di
412 1706 568 1739 sumus
589 1698 805 1753 agrestes,
830 1698 878 1738 et
898 1693 974 1753 qui
997 1692 1281 1740 dominemur
1301 1692 1349 1738 in
1366 1690 1467 1737 altis

387 1755 653 1803 Montibus:
693 1757 923 1802 arbitrium
946 1764 1016 1804 est
1036 1758 1084 1803 in
1106 1773 1189 1805 sua
1206 1757 1299 1805 tela
1318 1755 1444 1805 Jovi.

323 1819 470 1868 Hunc
492 1828 543 1867 tu
564 1836 657 1868 non
678 1821 848 1883 poteris
868 1837 952 1883 per
972 1829 1018 1869 te
1039 1822 1259 1870 deducere
1280 1821 1427 1869 eoelo=

386 1887 455 1932 At
474 1888 642 1948 poteris
664 1883 820 1932 nostra
837 1886 1029 1935 forsitan
1050 1903 1159 1935 usus
1179 1903 1280 1949 ope,

323 1950 521 1999 Dixerat
542 1953 640 1999 haec
665 1950 881 2000 Faunus:
917 1969 1001 2014 par
1022 1960 1093 2000 est
1113 1953 1339 2000 sententia
1362 1950 1472 1998 Pici.

387 2015 541 2063 Deme
563 2024 716 2063 tamen
740 2017 866 2065 nobis
888 2019 1084 2073 vincula,
1109 2018 1247 2065 Picus
1268 2018 1359 2074 ait3
1550 2016 1649 2061 320

319 2080 502 2143 Jupiter
525 2083 612 2127 huc
634 2082 798 2136 veniet,
821 2082 971 2130 valida
990 2084 1208 2131 deductus
1224 2084 1280 2130 ab
1300 2088 1425 2129 arte:

385 2145 556 2193 Nubila
576 2147 784 2207 promissi
809 2148 928 2208 Styx
949 2148 1058 2195 mihi
1080 2150 1209 2196 testis
1229 2148 1328 2194 erit.

319 2210 494 2260 Emissi
514 2212 621 2273 quid
636 2219 776 2274 agant
796 2213 983 2273 laqueis,
1006 2229 1110 2274 quae
1132 2214 1331 2261 carmina
1351 2211 1511 2266 dicant,

388 2273 582 2337 Quaque
603 2278 782 2325 trahant
804 2280 975 2341 superis
998 2280 1177 2326 sedibus
1196 2285 1293 2326 arte
1312 2277 1507 2329 Jovemss

321 2341 450 2389 seire
473 2341 599 2389 nefas
619 2343 806 2390 homini.
848 2343 997 2391 Nobis
1013 2359 1229 2391 concessa
1243 2350 1474 2397 canantur,

386 2404 596 2467 Quaeque
615 2408 690 2468 pio
712 2409 822 2456 disci
842 2410 959 2457 vatis
981 2410 1035 2456 ab
1056 2423 1135 2458 ore
1155 2410 1274 2456 licet.
1343 2441 1348 2448 1

319 2469 526 2524 Eliciunt
546 2472 664 2522 coelo
686 2480 744 2528 te,
768 2473 962 2537 Jupiter.
997 2473 1135 2521 Unde
1155 2475 1354 2522 minores

386 2534 527 2584 Nunc
543 2554 723 2600 quoque
746 2546 792 2586 te
811 2540 1049 2595 celebrant,
1073 2538 1362 2599 Eliciumque
1381 2541 1552 2584 vocant·

321 2597 517 2649 Constat
538 2604 786 2651 Aventinae
808 2605 1046 2652 tremuisse
1066 2605 1300 2654 cacumina
1320 2602 1475 2652 ailvae:
1635 2637 1646 2649 .

383 2664 614 2732 Terraque
635 2667 832 2738 subsedit
851 2669 1053 2734 pondere
1073 2684 1229 2735 pressa
1243 2667 1397 2740 Jouis,
1547 2666 1638 2716 330
