1842 2966
775 129 933 191 11318,
1426 129 1526 181 3⁴⁹

169 258 256 309 Ut
270 261 352 322 qui
365 261 571 311 velocem
582 261 753 313 fni-tri
770 264 942 329 petiere
956 265 1178 329 puellm3

247 325 382 374 Dum
404 335 536 391 eepta
547 337 619 378 est
630 332 779 393 pomis
794 331 965 380 tardior
978 332 1057 380 illa
1070 332 1228 379 tribus.

170 389 254 439 Ut
270 393 350 453 qui
366 400 499 449 tecta,
509 435 512 436 γ
523 396 631 443 novi
645 396 838 445 formam
859 396 1052 445 celantia
1071 394 1279 457 monstri,

246 455 488 507 Intrarunt
503 475 642 509 caeese
661 478 755 510 non
777 462 1006 511 redeunda
1026 462 1203 510 domus.
1264 459 1269 464 ’

170 519 254 569 Ut
273 539 471 584 quorum
500 525 710 575 AEacides
730 528 856 576 misit
874 528 1103 577 violentus
1124 529 1172 574 in
1194 527 1314 576 altos
1416 582 1421 589 ¹

248 587 458 653 Corpora
476 607 581 639 cum
604 594 726 641 senis
746 594 888 641 altera
908 608 1021 642 sena
1041 608 1195 655 rogos.
1207 588 1227 602 ⁸

175 652 257 702 Ut
277 670 409 716 quos,
432 656 610 705 obscuri
631 658 758 706 lusos
777 660 1043 723 ambagibus
1063 659 1170 714 oris,

247 718 475 782 Legimus
495 722 695 771 infandae
718 723 923 787 Sphinga
942 724 1120 772 dedisse
1141 723 1262 780 neei-

178 783 259 832 Ut
280 787 358 846 qui
380 786 606 835 Bistoniae
626 789 797 852 templo
818 789 1022 837 cecidere
1042 789 1275 837 Minervae
1285 804 1302 846 3
1325 781 1341 804 ‘

250 848 451 914 Propter
470 854 593 915 quod
610 854 751 902 facies
772 870 895 903 nunc
914 869 1098 917 quoque
1117 862 1241 903 tecta
1257 852 1385 903 Deae
1398 861 1490 900 est.

131 919 138 926 ”
180 914 260 963 Ut
280 918 359 977 qui
380 916 583 966 Threicii
604 920 831 981 quondam
853 922 1076 985 praesepia
1095 920 1219 983 regis
1274 928 1283 935 “
1433 920 1528 965 381

254 979 488 1031 Fecerunt
507 984 693 1048 dapibus
714 986 1066 1049 sanguinolenta
1085 987 1195 1034 suis.

180 1044 608 1098 Therodamanteos
630 1058 682 1099 ut
702 1049 781 1113 qui
802 1067 988 1100 sensere
1007 1053 1190 1099 leones:

256 1110 441 1174 Quique
462 1113 717 1163 Thoanteae
737 1116 936 1164 Taurica
956 1132 1086 1165 sacra
1106 1118 1219 1164 deae.

181 1176 261 1226 Ut
276 1192 394 1238 quos
410 1179 565 1241 Scylla
578 1196 737 1235 vorax,
761 1181 1022 1242 Scyllaeque
1044 1181 1234 1230 adversa
1246 1179 1515 1243 Charybdis,

257 1241 490 1293 Dulichiae
510 1245 702 1307 pavidos
722 1246 926 1308 eripuere
947 1247 1059 1293 rati:

192 1308 270 1357 Ut
290 1325 404 1371 quos
416 1312 596 1359 demisit
615 1318 793 1359 vastam
817 1309 1130 1373 Polyphemus
1150 1310 1200 1357 in
1221 1311 1373 1359 alvum
1388 1330 1402 1357 ι

264 1374 335 1422 Ut
358 1374 704 1439 Laestrygonias
725 1376 803 1436 qui
826 1377 1002 1423 subiere
1023 1374 1200 1423 domos.

191 1440 268 1489 Ut
289 1456 406 1504 quos
425 1443 521 1490 dux
543 1441 720 1491 Poenus
739 1442 898 1490 mersit
915 1441 1168 1504 putealibus
1188 1440 1338 1499 undis,

260 1506 330 1555 Et
340 1509 469 1571 jacto
489 1523 627 1556 canas
647 1508 835 1571 pulvere
853 1502 965 1554 feeit
984 1522 1140 1569 aquas.
1439 1511 1473 1555 3
1478 1513 1543 1556 90

192 1573 291 1622 Sex
311 1574 381 1620 bis
402 1582 454 1621 ut
476 1573 677 1622 Icaridos
695 1573 881 1621 famulae
900 1574 1087 1636 periere,
1107 1572 1339 1634 proeique‚

261 1636 411 1700 Inque
432 1646 567 1702 caput
588 1639 759 1687 domini
780 1640 858 1703 qui
880 1639 1014 1686 dabat
1033 1652 1160 1687 arma
1178 1639 1345 1701 procis.

198 1703 271 1752 Ut
282 1705 410 1767 jacet
430 1705 584 1752 Aiinio
605 1704 802 1752 luctator
819 1705 876 1752 ab
894 1704 1076 1766 hospite
1093 1703 1239 1758 susus,

266 1770 363 1826 Qui
388 1766 599 1834 (mirum)
623 1770 780 1826 vietor,
804 1767 910 1817 cum
932 1769 1184 1824 cecidisset,
1204 1776 1315 1818 erat.

198 1833 283 1884 ‘Ut'
295 1850 409 1898 quos
431 1835 588 1883 Antaei
608 1835 751 1882 fortes
769 1843 974 1898 pressere
994 1834 1152 1881 lacerti
1162 1850 1179 1891 3

266 1901 490 1962 Quosque
509 1896 621 1947 ferae
640 1902 778 1948 morti
799 1899 996 1948 Lemnia
1015 1901 1145 1947 turba
1165 1898 1302 1947 dedit.

201 1967 275 2016 Ut
295 1967 372 2029 qui
392 1973 497 2031 post
516 1966 708 2029 longum
731 1966 848 2014 sacri
867 1972 1147 2013 monstrator
1165 1964 1306 2029 iniqui

267 2033 441 2080 Elicuit
459 2031 635 2096 pluvias
654 2032 841 2079 victima
859 2046 1009 2078 caesus
1029 2044 1183 2092 aquas.

203 2094 367 2148 Frater
387 2104 441 2145 ut
462 2097 634 2151 Antaei,
657 2111 748 2158 quo
769 2097 992 2158 sanguine
1012 2095 1177 2151 debuit,
1199 2108 1302 2144 aran

267 2162 459 2220 Tinxit3
482 2170 530 2210 et
549 2162 772 2224 exemplis
790 2161 958 2209 occidit
978 2161 1077 2223 ipse
1095 2160 1207 2207 suis.
1453 2164 1557 2208 400

210 2229 281 2279 Ut
301 2229 379 2290 qui
399 2227 620 2275 terribiles
640 2243 724 2290 pro
745 2242 935 2290 gramen
957 2226 1227 2274 habentibus
1247 2224 1398 2275 herbis

275 2292 450 2357 Impius
470 2294 670 2341 humano
692 2293 874 2340 viscere.
887 2293 1015 2355 pavit
1035 2306 1191 2353 equos.

211 2359 281 2409 Ut
302 2360 393 2407 duo
413 2357 602 2406 diversis
624 2359 708 2405 sub
728 2359 889 2405 eodem
912 2357 1092 2405 vindice
1113 2357 1222 2404 eaesi

270 2422 573 2487 Temporibus
595 2422 789 2478 Nessus,
814 2422 1163 2485 Dexamenique
1184 2435 1341 2484 gener.

211 2488 282 2539 Ut
333 2506 385 2536 ro
504 2504 539 2543 s,
565 2488 773 2544 Saturne,
797 2496 903 2535 tuus
916 2507 930 2534 τ
957 2502 1094 2549 quem
1116 2488 1304 2534 reddere
1322 2487 1465 2536 vim

327 2555 405 2601 rbe
472 2554 682 2602 oronides
703 2554 819 2601 vidit
838 2554 893 2600 ab
912 2554 1011 2616 ipse
1032 2550 1129 2599 sua.

211 2618 281 2669 Ut
303 2620 438 2674 Sinis,
455 2627 504 2668 et
524 2619 702 2675 Sciron,
725 2626 773 2667 et
793 2619 851 2667 de
875 2617 1189 2681 Polypemone
1208 2625 1354 2672 natus,

276 2685 461 2748 Quique
480 2685 619 2738 homo
637 2693 765 2751 pom
786 2685 870 2744 sui,
892 2692 1020 2749 perte
1030 2684 1261 2746 juvencus
1277 2691 1388 2732 erat.

205 2764 309 2800 vor..
327 2764 403 2801 m.
1034 2753 1066 2797 2
1090 2762 1127 2796 ιι
