1842 2966
530 389 611 458 P.
661 389 974 458 ovum
1019 343 1462 457 NAsole'

449 566 650 667 F·A
718 579 774 661 S
833 579 908 663 T
966 577 1050 663 Ο
1107 579 1187 662 R
1246 577 1340 662 U
1403 577 1508 663 M

697 754 916 841 mm}
948 778 1273 829 TERTHJS.

306 1121 443 1170 Bur
445 1135 539 1175 1013,
561 1121 776 1183 depositis
797 1124 959 1187 clypeo
980 1125 1208 1188 paulisper
1228 1131 1275 1172 et
1294 1121 1440 1180 hasti,

373 1187 517 1242 Mars,
541 1187 680 1245 ades-3
716 1195 762 1235 et
784 1190 950 1237 nitidas
970 1191 1143 1238 casside
1164 1184 1295 1238 solve
1315 1202 1485 1237 comas.

306 1251 555 1301 Forsitan
543 1268 640 1314 ipse
661 1269 810 1332 roges,
835 1257 942 1317 quid
965 1257 1024 1303 sit
1044 1270 1147 1302 cum
1172 1256 1330 1303 Marte
1347 1256 1514 1318 poetae·

372 1317 431 1365 A
454 1324 514 1373 te,
538 1320 615 1380 qui
637 1321 825 1376 canitur,
849 1322 1036 1369 nomina
1056 1322 1227 1368 mensis
1246 1322 1396 1368 habet.

307 1381 416 1447 Ipse
435 1385 563 1431 vides
584 1386 791 1433 manibus
810 1387 968 1449 peragi
989 1385 1087 1434 fera
1106 1387 1225 1434 bella
1246 1386 1493 1433 Minervae.

373 1448 502 1498 Num
524 1448 674 1499 minuis
695 1453 905 1517 ingenuis
928 1452 1096 1501 artibus
1118 1452 1196 1501 illa
1215 1451 1388 1501 vacat?

308 1513 508 1564 Palladis
529 1519 738 1596 exemplo
758 1519 983 1581 ponendae
1002 1526 1208 1597 tempora
1228 1534 1358 1566 sume

375 1580 610 1645 Cuspidis.
640 1586 847 1631 invenies
869 1592 915 1631 et
937 1585 1091 1646 quod
1079 1585 1265 1630 inermis
1288 1597 1412 1646 agas.

309 1645 432 1695 Tum
456 1664 638 1710 quoque
657 1649 843 1695 inermis
865 1665 979 1702 eras,
1004 1647 1107 1695 cum
1131 1657 1179 1695 te
1200 1649 1414 1696 Romana
1427 1645 1658 1695 sacerdo·-

374 1711 444 1760 ce
444 1714 521 1774 pit,
546 1720 596 1759 ut
615 1714 721 1759 huic
745 1712 860 1761 Urbi
895 1714 1069 1762 semina
1090 1715 1229 1776 digna
1249 1714 1393 1761 dares.
1599 1715 1672 1760 lo

305 1774 393 1824 Ilia
413 1777 615 1824 Vestalis
641 1778 772 1841 (quid
792 1780 912 1825 enim
936 1785 1061 1825 vetat
1080 1778 1186 1825 inde
1207 1777 1437 1840 moveri?)

371 1842 511 1889 Sacra
528 1843 757 1890 lavaturas
778 1841 914 1891 mane
935 1846 1192 1907 petebataq
1194 1859 1289 1892 uas.

302 1906 509 1955 Ventum
531 1916 628 1955 erat
649 1910 705 1955 ad
727 1909 853 1955 molli
873 1909 1093 1956 declivem
1114 1911 1296 1958 tramite
1315 1911 1483 1972 ripam.

370 1970 612 2021 Ponitur
586 1989 613 2020 e
636 1973 814 2020 summa
833 1973 985 2022 fictilis
1008 1990 1123 2024 urna
1144 1974 1291 2023 coma.

304 2037 450 2088 Fessa
469 2040 638 2086 resedit
657 2040 812 2096 humi;
846 2047 1100 2103 ventosque
1119 2043 1293 2104 accepit
1313 2046 1470 2104 aperto

372 2103 598 2161 Pectore3
620 2105 834 2154 turbatas
854 2107 1139 2169 restituitque
1159 2121 1327 2153 comas.

305 2168 438 2218 Dum
461 2170 600 2225 sedet,
624 2170 849 2218 umbrosae
873 2172 1045 2227 salices,
1068 2174 1366 2233 volucresque
1385 2181 1573 2218 canorae
1649 2191 1658 2198 ·

370 2234 599 2282 Fecerunt
620 2251 819 2292 somnos,
841 2246 888 2284 et
908 2238 1013 2285 leve
1032 2253 1238 2285 murmur
1259 2251 1402 2298 aquoe.

304 2300 485 2348 Blanda
505 2301 631 2362 quies
652 2301 785 2349 victis
805 2302 962 2350 furtim
986 2304 1183 2366 subrepit
1205 2302 1374 2356 ocellis,

367 2364 434 2412 Et
454 2367 575 2412 cadit
595 2364 622 2413 a
644 2374 798 2414 mento
820 2369 1037 2432 languida
1055 2368 1176 2416 facta
1196 2382 1372 2414 manuS.
1585 2369 1659 2414 20

301 2430 434 2477 Mars
454 2431 579 2479 videt
598 2433 726 2488 hanc,
743 2435 979 2496 visamque
993 2435 1128 2497 cupit,
1145 2434 1406 2496 potiturque
1422 2430 1655 2495 cupitam.

374 2494 442 2543 Et
465 2511 547 2545 sua
568 2497 719 2545 divina
737 2498 859 2546 furta
878 2499 1041 2545 fefellit
1063 2513 1163 2562 ope.

307 2559 509 2612 Somnus
529 2564 648 2610 abit.
677 2565 803 2625 jacet
820 2564 900 2611 illa
920 2565 1089 2627 gravis.
1130 2563 1237 2612 Jam
1261 2562 1432 2610 scilicet
1452 2560 1576 2610 intra
1651 2585 1658 2592 -

371 2623 574 2684 Viscera,
599 2627 827 2675 R'omanae
847 2630 1055 2677 conditor
1079 2627 1232 2683 Urbis,
1256 2641 1372 2674 eras.

290 2688 548 2754 ,Iangffida
568 2694 817 2756 consurgit,
840 2709 926 2741 nec
949 2694 1035 2740 scit
1056 2708 1137 2740 cur
1156 2692 1371 2755 languida
1391 2697 1584 2757 surgat.

369 2754 437 2804 Bt
456 2759 635 2822 peragit
653 2758 769 2807 tales
788 2759 949 2808 arbore
969 2758 1078 2808 nixa
1097 2770 1264 2806 sonos·
