1842 2966
525 138 905 189 PASTORUM
939 140 1045 191 Lu.
1064 142 1153 191 VI.
1371 160 1378 165 ·
1407 146 1502 194 135

157 270 298 319 Zona
318 270 429 319 latet
449 278 528 318 tua
547 286 683 327 nunc,
707 278 754 319 et
775 286 874 318 cras
892 271 1084 319 fortasse
1103 273 1258 322 latebit
1271 264 1304 322 ε’

231 335 418 384 Dehinc
438 337 536 392 erit,
561 335 720 392 Orion,
743 337 1027 398 adspicienda
1046 339 1170 384 mihi.

158 398 235 448 At
258 402 301 447 si
319 416 411 448 non
432 409 553 448 esset
572 409 720 463 potus,
755 403 944 451 dixisset
963 400 1120 449 eadem

229 464 490 513 Venturum
515 478 691 527 tempus
712 467 946 514 solstitiale
962 466 1046 513 die.
1402 472 1430 518 7
1433 474 1499 519 90

157 529 425 578 Lucinae
445 532 663 578 subeunte
686 531 828 579 Lares
848 532 1033 578 delubra
1052 532 1264 588 tulerunt,

233 593 331 642 Hic
354 596 427 643 ubi
447 595 500 643 fit
521 594 656 657 docta
676 597 821 643 multa
841 612 1011 644 corona
1030 611 1184 645 manu.

155 659 368 722 Tempus
383 661 499 707 idem
518 661 673 709 Stator
685 662 795 708 aedis
810 663 955 717 habet,
967 677 1102 723 quam
1114 661 1343 711 Romulus
1358 663 1467 711 olim

230 725 361 772 Ante
382 724 575 772 Palatini
599 726 798 774 condidit
819 742 898 773 ora
908 727 1030 789 jugi.

157 788 270 837 Τσι·
292 797 463 837 restant
482 791 540 838 de
553 806 711 838 mense
729 792 838 845 dies,
860 800 973 852 quot
994 793 1178 840 nomina
1198 791 1369 850 Parcis,

230 852 354 903 Cum
375 856 479 902 data
499 864 606 903 sunt
625 857 790 904 trabeae
811 858 992 919 templa.
1018 857 1223 915 Quirine,
1246 865 1354 907 tuae.

159 919 374 967 Tmarus
397 918 538 968 Iiileis
559 935 657 968 cras
679 929 750 968 est
769 922 918 969 natale
943 921 1187 970 Kalendis:

228 984 447 1040 Pierides,
469 987 631 1048 coeptis
650 986 799 1034 addite
820 1002 997 1034 summa
1015 988 1145 1034 meis.

156 1049 323 1098 Dicite
345 1048 560 1106 Pici-ides,
582 1052 686 1112 quis
705 1067 790 1098 vos
811 1053 1065 1115 adjunxerit
1083 1054 1171 1107 isti,

229 1113 322 1164 Cui
344 1115 466 1164 dedit
484 1116 651 1164 invitas
671 1117 791 1163 victa
812 1132 1007 1165 noverca
1028 1132 1203 1165 manus.
1397 1121 1495 1165 800

108 1188 113 1193 “
156 1178 239 1228 Sic
263 1195 365 1242 ego.
400 1180 478 1227 sic
501 1179 633 1229 Clio:
676 1179 799 1229 Clari
820 1190 1115 1229 monumenta
1136 1181 1333 1247 Philippi

229 1245 442 1308 Adspicis
459 1263 472 1292 ι
500 1247 620 1293 unde
639 1247 775 1293 trahit
796 1245 977 1293 Marcia
998 1254 1121 1294 casta
1139 1262 1301 1309 genus·

155 1310 346 1358 Marcia
365 1309 564 1358 sacrifico
586 1311 826 1358 deductum
849 1325 1024 1359 nomen
1039 1312 1095 1358 ab
1116 1315 1285 1371 Anco;

224 1374 285 1422 In
306 1373 495 1438 quiipar
515 1375 653 1424 facies
668 1375 899 1423 nobilitate
920 1374 1015 1422 sua.

156 1439 255 1490 Par
277 1440 429 1489 animo
447 1455 626 1504 quoque
644 1440 792 1489 forma
812 1456 895 1488 suo
911 1440 1152 1503 respondet
1168 1441 1215 1488 in
1236 1439 1339 1491 illas

224 1505 294 1554 Et
314 1521 473 1569 genus,
497 1514 544 1553 et
563 1506 713 1562 facies,
734 1507 1059 1569 ingeniumque
1080 1507 1226 1554 simul.

154 1570 267 1620 Nec
288 1568 411 1632 quod
429 1571 662 1619 laudamus
682 1571 888 1627 sormam,
911 1578 1005 1618 tam
1029 1579 1159 1633 turpe
1209 1568 1364 1622 utaris.

226 1635 489 1684 Laudamus
508 1652 697 1700 magnas
717 1634 804 1684 hac
823 1651 1003 1698 quoque
1021 1643 1149 1699 parte
1169 1587 1313 1686 geas.

152 1700 322 1764 Nupta
339 1701 427 1749 fuit
446 1703 671 1764 quondam
694 1708 934 1749 matertera
956 1700 1153 1751 Caesaris
1173 1702 1255 1750 illi.

223 1766 268 1815 Ο
292 1767 442 1822 decus,
465 1764 494 1814 ὃ
515 1766 643 1815 sacra
661 1767 830 1815 femina
850 1767 988 1829 digna
1007 1766 1170 1815 domo!
1393 1769 1492 1815 810

155 1832 238 1883 Sic
259 1832 427 1879 cecinit
448 1829 580 1882 Clio=
617 1832 766 1879 doctae
787 1832 1026 1879 adsensere
1046 1846 1238 1880 sorores·

221 1896 404 1947 Adnuit
424 1897 623 1955 Alcides,
646 1897 956 1960 increpuitque
977 1895 1137 1958 lyram.

602 2239 733 2274 118ss
764 2238 1043 2273 tastonmt.
