1842 2966
478 217 868 268 'FASTORUM
903 217 1011 267 Lu.
1035 215 1116 267 11.‘
1406 223 1473 267 43

119 351 343 412 Quaeque
361 357 515 413 potest
534 358 699 398 narrat.
730 350 984 398 Restabant
1006 351 1193 399 ultima·
1177 386 1194 409 ‚
1227 349 1388 400 flevit:

191 417 261 464 Et
283 416 557 463 matronales
578 417 795 463 erubuere
815 430 965 478 genae.

118 481 262 530 Dant
285 482 464 528 veniam
485 480 607 529 sacto
628 482 810 543 genitor
831 482 1088 544 conJuxque
1109 470 1280 530 coacto.

193 546 364 619 Quam,
388 547 514 600 dixit,
535 549 714 593 veniam
736 563 821 593 vos
843 545 1008 601 datis,
995 562 1094 608 ipsa
1116 562 1250 609 nego.
1368 548 1480 596 ³30

119 612 236 660 Nee
257 627 419 668 mora3
454 611 598 659 eelato
619 610 720 675 figit
742 626 823 659 sua
842 619 1030 674 pectora
1049 611 1186 666 ferro,

196 677 265 724 Et
288 676 438 724 cadit
426 692 474 723 ιιι
496 679 662 739 patrios
685 677 1033 740 sanguinolenta
1053 677 1203 740 pedes.

123 742 269 790 Tunc
285 743 566 805 quoquejam
585 744 794 797 moriens,
807 759 865 790 ne
882 758 976 789 non
992 744 1260 805 procumbat
1273 740 1481 800 honeste,

198 807 434 870 Respicit.
473 809 573 855 haec
594 809 728 855 etiam
753 824 862 855 cura
882 808 1085 855 cadentis
1106 814 1216 855 erat.

118 872 260 923 Ecce
289 888 423 934 super
445 889 608 935 corpus
629 875 887 925 communia
906 875 1072 921 damna
1099 878 1352 935 gementes,

198 937 341 986 Obliti
362 939 549 994 decoris,
579 939 739 1000 virque
757 946 974 1001 paterque
984 940 1158 1002 jacent.

121 1004 311 1054 Brutus
332 1003 486 1060 adest3
522 1004 794 1066 tandemque
815 1006 966 1067 animo
989 1020 1071 1053 sua
1093 1006 1280 1052 nomina
1299 1003 1444 1052 fallit:

199 1067 405 1130 Fixaque
427 1070 660 1116 semanimi
683 1085 870 1132 corpore
892 1070 983 1117 tela
1004 1072 1134 1133 rapit.

122 1134 479 1196 Stillantemque
500 1142 661 1181 tenens
681 1150 906 1197 generoso
929 1137 1153 1197 sanguine
1174 1137 1383 1192 cultrum,

198 1199 360 1248 Edidit
378 1200 629 1262 impavidos
661 1216 739 1247 ore
760 1202 962 1248 minante
984 1217 1149 1249 sonos:
1373 1205 1486 1248 -840

124 1265 228 1314 Per
248 1266 329 1312 tibi
352 1282 441 1327 ego
462 1267 584 1312 hunc
596 1266 705 1329 juro
725 1265 889 1313 sortem
913 1275 1179 1327 castumque
1201 1283 1423 1323 cruorem,
1453 1274 1457 1281 '

201 1330 384 1392 Perque
406 1339 511 1378 tuos
532 1331 713 1385 Manes,
736 1333 814 1392 qui
835 1332 947 1378 mihi
968 1340 1317 1390 numenei-unu

126 1396 436 1457 Tarquinium
458 1411 618 1459 poenas
640 1395 832 1457 profugii
854 1412 958 1442 cum
983 1397 1122 1457 stirpe
1142 1397 1365 1445 daturum.
1405 1413 1412 1417 ·

200 1461 310 1512 Jam
333 1462 441 1509 satis
462 1469 534 1510 est
554 1462 700 1509 virtus
722 1461 1001 1509 dissimulata
1022 1462 1113 1509 diu.

130 1529 260 1577 Illa·
240 1544 402 1591 Jacens
423 1528 481 1574 ad
501 1529 640 1575 verba
662 1527 818 1574 oculos
840 1528 939 1573 sine
960 1527 1131 1573 lumine
1150 1528 1320 1586 movit,

201 1592 409 1671 Visaque
430 1608 652 1640 concussa
672 1593 793 1639 dieta
818 1592 1008 1654 probare
1030 1590 1176 1639 coma.

129 1659 340 1710 Fertur
326 1674 373 1705 ιιι
398 1659 633 1720 exsequias
654 1658 791 1705 animi
813 1665 1021 1705 matrona
1040 1657 1203 1705 virilis·

203 1724 273 1773 Et
296 1740 450 1771 secum
472 1723 691 1777 lacrimas,
714 1724 1019 1794 invidiamque
1043 1724 1193 1771 trahit.

131 1790 360 1839 Vulnus’
346 1805 482 1836 mane
500 1796 639 1851 patet.
672 1779 860 1836 Brutus'
868 1789 1067 1836 clamore
1089 1788 1294 1843 Quirites

205 1853 435 1909 Concita&
460 1861 507 1900 et
528 1854 676 1916 Regis
696 1854 816 1901 sacta
837 1854 1033 1901 nefanda
1053 1854 1205 1901 refert.
1389 1857 1488 1904 850

130 1920 416 1981 Tarquinius
438 1935 542 1966 cum
564 1920 690 1984 prole
708 1918 841 1981 fugit.
878 1913 1022 1981 Capit
1036 1934 1187 1967 annua
1210 1917 1388 1970 Consul

201 1985 335 2035 Jura.
366 1984 486 2032 Dies
508 1986 661 2048 regnis
681 1984 758 2031 illa
778 1999 988 2047 suprema
1007 1984 1110 2031 fuit.

134 2051 442 2101 Faunum?
475 2066 533 2097 an
556 2051 676 2097 veris
696 2052 953 2112 praenuntia
971 2051 1098 2097 venit
1118 2048 1312 2097 hirundo
1323 2066 1341 2109 ς

203 2116 275 2163 Et
295 2116 470 2172 metuit,
495 2131 555 2162 ne
574 2113 664 2177 qua
684 2132 817 2163 versa
835 2122 1039 2163 recurrat
1058 2114 1238 2162 hiems?
1314 2148 1322 2159 ,

135 2183 277 2244 Saepe
298 2189 466 2237 tamen,
491 2180 689 2243 Progne,
715 2179 902 2228 nimium
925 2179 1192 2243 properasse
1212 2177 1451 2243 quererisg

208 2246 387 2308 Virque
411 2252 490 2294 tuo
511 2244 687 2294 Tereus
705 2246 878 2309 frigore
897 2247 1034 2294 laetus
1054 2247 1154 2294 erit.

134 2313 354 2364 Jmouz
376 2313 479 2359 duae
501 2316 674 2359 restant
693 2320 851 2359 noctes
873 2311 931 2358 de
951 2328 1108 2359 mense
1129 2310 1342 2368 secundo,

207 2378 434 2438 Marsque
454 2378 568 2424 citos
580 2377 754 2439 junctis
776 2378 977 2425 curribus
998 2384 1167 2439 urguet
1187 2391 1352 2437 equos.

136 2443 223 2493 Ex
244 2458 357 2489 vero
377 2443 575 2503 positum
655 2444 843 2489 rmansit
865 2442 1058 2503 Equiria
1077 2456 1262 2497 nomen,
1352 2464 1360 2472 ·

208 2508 334 2563 Quae
356 2505 524 2554 Deus
512 2522 558 2554 ιιι
578 2458 694 2556 ἔξω
623 2522 755 2570 ampo
774 2508 990 2570 prospicit
1011 2508 1108 2570 ipse
1130 2522 1228 2555 suo.
1392 2510 1487 2554 860·

135 2573 260 2623 Jure
279 2572 425 2627 venis,
445 2573 685 2630 Gradive3
718 2573 869 2620 locum
892 2580 973 2622 tua
992 2579 1197 2636 tempora
1215 2578 1424 2634 poscunt,

206 2638 528 2714 signatusque
539 2644 620 2686 tuo
642 2639 826 2686 nomine
845 2639 1017 2685 mensis
1035 2638 1178 2684 adest.

137 2702 407 2752 Venimus
395 2719 443 2750 m
463 2699 659 2766 portum,
680 2705 794 2751 libro
818 2718 923 2750 cum
945 2718 1104 2749 mense
1123 2707 1323 2763 peracto.

205 2767 418 2832 Naviget
438 2770 547 2818 hine
565 2767 684 2818 alia'
662 2784 762 2833 Jam
786 2769 895 2816 mihi
914 2769 1053 2816 linter
1076 2764 1207 2827 aqufi,
