1842 2966
299 144 374 203 με
462 124 465 129 ’
633 134 964 189 P.-0v1D11
990 131 1302 222 NASO-ms

303 270 371 321 Et
392 268 502 318 licet
517 266 710 334 antiquo
725 272 934 320 manibus
955 271 1147 319 collatus
1168 270 1302 333 Epeo

367 337 439 384 Sit
458 338 581 399 prior
587 355 604 396 ;
638 337 753 385 irata
775 337 963 387 Pallade
982 352 1171 384 mancus
1191 338 1294 384 erit.

273 412 279 419 ·
302 401 404 450 Vos
425 418 618 465 quoque,
645 402 848 451 Phoebea
868 403 1052 449 morbos
1072 403 1150 462 qui
1170 402 1335 465 pellitis
1354 409 1468 458 arte,

368 466 569 516 Munera
589 470 646 516 de
666 470 831 517 vestris
851 483 996 532 pauca
1017 467 1180 514 referte
1202 465 1359 515 Deae.·

301 533 408 581 Nec
429 550 514 581 vos
530 536 666 585 ,turba
685 535 770 583 feri
786 548 925 581 censu
946 533 1151 580 fraudata
1170 532 1377 595 magistri

368 599 604 662 Spernite:
643 599 889 662 discipulos
905 599 1090 646 attrahit
1108 598 1186 645 illa
1206 613 1367 645 novos.
1567 603 1693 647 830

303 663 489 727 Quique
510 682 670 713 moves
691 665 872 718 coelum,
897 663 1184 725 tabulamque
1204 663 1431 711 coloribus
1454 664 1581 720 uris,

368 730 552 792 Quique
569 731 681 778 facis
704 729 838 776 docta
858 729 1014 775 mollia
1034 743 1143 775 saxa
1163 743 1315 776 manu.

300 794 438 844 Mille
460 796 568 845 Dea
588 802 658 842 est
679 809 893 857 operum:
934 792 1060 841 certe
1082 791 1189 841 Dea
1208 793 1420 841 carminis
1441 792 1526 841 illa
1549 801 1651 843 est.

368 862 416 908 Si
439 877 627 914 mereor,
650 860 812 906 studiis
833 859 951 906 adsit
970 859 1116 906 amica
1133 859 1263 906 meis.

301 924 479 976 Coelius
500 940 559 972 ex
579 926 672 972 alto
695 922 785 985 qua
803 939 940 972 mons
961 924 1194 971 descendit
1214 925 1261 970 in
1284 933 1480 986 aequum,

367 989 463 1037 Hic
485 991 561 1036 ubi
583 1005 674 1036 non
696 990 830 1052 plana
851 997 935 1045 est,
959 989 1038 1038 sed
1059 985 1201 1052 prope
1222 990 1357 1052 plana
1377 991 1454 1037 via
1473 996 1554 1038 est
1567 1007 1589 1049 ς

298 1054 450 1103 Parva
469 1054 577 1101 licet
597 1055 752 1102 videas
777 1053 939 1118 Captae
961 1055 1144 1102 delubra
1166 1054 1409 1112 Minervae,

363 1119 488 1174 Quae
510 1118 617 1168 Dea
638 1121 776 1168 natali
799 1122 939 1184 coepit
959 1122 1122 1168 habere
1144 1135 1243 1167 suo.

296 1183 513 1232 Nominis
532 1186 580 1232 in
603 1187 737 1233 dubio
759 1202 919 1234 caussa
940 1193 1024 1234 est.
1058 1184 1265 1248 Capitale
1284 1201 1502 1234 vocamus

363 1248 608 1313 Ingenium
631 1252 816 1300 sollers:
854 1253 1094 1314 ingeniosa
1116 1250 1222 1298 Dea
1243 1259 1327 1299 est.
1548 1254 1658 1301 840

296 1317 390 1370 An,
408 1317 514 1378 quia
534 1317 590 1364 de
611 1319 770 1380 capitis
788 1317 933 1365 fertur
954 1318 1052 1364 sine
1072 1323 1219 1364 matre
1237 1317 1415 1379 paterni

361 1380 549 1429 Vertice
570 1399 673 1430 cum
697 1384 859 1446 clypeo
878 1382 1140 1446 prosiluisse
1162 1398 1245 1429 suo
1260 1382 1283 1427 ἰ’

295 1446 389 1503 An,
413 1448 519 1510 quia
538 1451 800 1512 perdomitis
822 1450 879 1497 ad
901 1465 988 1497 nos
1008 1448 1187 1512 captiva
1208 1447 1399 1514 Faliscis

361 1513 531 1562 Venit:
570 1523 617 1562 et
638 1517 725 1562 boc
745 1517 893 1578 ipsum
915 1516 1046 1561 litera
1066 1515 1214 1576 prisca
1235 1513 1402 1561 docet?

295 1579 391 1635 An,
414 1577 536 1641 quod
555 1582 689 1627 habet
706 1582 870 1642 legem,
895 1581 1053 1642 capitis
1073 1595 1177 1645 quse
1196 1580 1395 1642 pendere
1413 1593 1574 1642 poenas
1673 1597 1678 1606 ·

362 1644 441 1692 Ex
463 1646 540 1692 illo
553 1646 711 1708 jubeat
730 1645 852 1691 furta
874 1641 1053 1706 reperta
1072 1645 1174 1692 loco
1189 1645 1213 1689 ἱ)

295 1709 353 1756 A*
380 1708 663 1771 quacumque
683 1710 822 1756 trahis
843 1711 1019 1756 ratione
1038 1709 1269 1765 vocabula,
1294 1709 1459 1767 Pallas,

361 1773 455 1821 Pro
479 1773 686 1820 Ducibus
708 1776 877 1821 nostris
891 1776 1046 1837 aegida
1066 1790 1245 1837 semper
1263 1776 1392 1838 habe.

297 1839 488 1888 Summa
507 1840 603 1886 dies
628 1837 655 1886 ὲ
676 1840 874 1903 quinque
894 1841 1024 1887 tubas
1046 1840 1239 1888 lustrare
1254 1855 1443 1889 canoras

360 1904 608 1961 Admonet,
631 1912 678 1952 et
697 1905 805 1953 sorti
823 1905 1073 1954 sacrificare
1095 1904 1230 1953 Deae.
1527 1910 1634 1957 *850

293 1969 435 2017 Nunc
455 1977 587 2034 potes
607 1971 664 2017 ad
687 1971 840 2019 Solem
862 1972 1037 2018 sublato
1058 1971 1209 2019 dicere
1227 1972 1385 2030 vultm
1517 1981 1524 1986 '

360 2034 456 2082 Hic
478 2033 587 2083 here
609 2035 838 2097 Phryxeae
858 2036 1028 2084 vellera
1045 2038 1211 2099 pressit
1231 2037 1346 2084 ovis.

294 2101 550 2150 Seminibus
570 2103 704 2148 tostis
725 2101 957 2149 sceleratae
976 2101 1133 2149 fraude
1153 2115 1367 2150 novercae

361 2166 614 2213 Sustulerat
635 2167 793 2223 nullas,
815 2174 868 2214 ut
890 2168 1021 2223 solet,
1042 2168 1181 2215 herba
1201 2182 1371 2215 comas.

294 2231 503 2278 Mittitur
522 2233 579 2279 ad
599 2232 811 2293 tripodas,
839 2232 965 2279 certa
985 2234 1062 2295 qui
1083 2227 1212 2280 sorte'
1226 2238 1438 2295 reportet,

361 2295 514 2351 Quam
539 2297 678 2344 sterili
700 2304 835 2345 terrae
857 2296 1111 2361 Delphicus
1131 2298 1237 2345 edat
1251 2312 1400 2359 opem.

294 2360 391 2408 Hic
412 2375 591 2423 quoque
607 2369 856 2425 corruptus,
873 2378 957 2426 pro
979 2365 1163 2418 semine,
1186 2364 1368 2411 nuntiat
1388 2360 1540 2412 Hellen

359 2424 426 2473 Et
436 2427 622 2489 juvenis
645 2426 822 2489 Phryxi
841 2428 1003 2476 funera
1023 2436 1145 2476 sorte
1163 2428 1275 2490 peti.
1509 2425 1514 2430 ’

293 2490 455 2552 thue
475 2500 758 2540 recusantem
779 2494 915 2549 cives,
940 2501 988 2541 et
1007 2501 1199 2556 tempus,
1221 2500 1271 2540 et
1293 2491 1381 2540 Ino

359 2554 692 2618 compulerunt
711 2573 866 2621 regem
878 2560 1009 2623 jussa
1024 2558 1218 2607 nefanda
1237 2559 1360 2621 pati3
1520 2561 1610 2607 860

292 2619 359 2669 Et
380 2635 522 2678 soror,
543 2629 591 2670 et
614 2622 830 2685 Pbryxus
851 2626 989 2673 velati
1009 2632 1214 2687 tempora
1234 2623 1371 2670 ramis

276 2753 279 2762 1
354 2686 488 2735 Stant
509 2689 644 2737 simul
662 2697 770 2739 ante
789 2703 917 2740 ιιι-ωε
945 2691 1198 2756 junctaque
1217 2688 1311 2737 fata
1325 2692 1519 2751 gemunt.
