1842 2966
314 106 398 154 ,σε
446 174 453 179 ἱ
676 94 732 152 1¹.
766 90 1003 152 ovum
1037 96 1343 169 NAsoms

334 235 459 285 Pace
480 228 602 282 domi
619 230 741 283 facta
762 235 944 298 signum
965 250 1158 297 posuere
1181 234 1423 292 Perennae,

401 298 541 356 Quod
562 302 643 347 sibi
665 301 852 348 defectis
874 301 952 348 illa
972 302 1149 347 tulisset
1171 316 1319 363 opem.

333 364 476 413 Nunc
498 367 621 421 mihi,
646 383 726 414 cur
747 373 943 420 cantent,
968 373 1184 428 superest,
1205 368 1422 413 obseaena
1436 364 1637 428 puellae,

403 430 603 480 Dicere:
642 448 748 479 nam
770 433 951 485 coeunt,
975 439 1184 492 certaque
1203 433 1370 493 probra
1389 439 1589 479 canunt.

333 495 499 559 Nuper
519 505 615 545 erat
638 497 746 546 Dea
764 497 915 554 saeta3
951 497 1077 543 venit
1101 498 1330 544 Gradivus
1354 497 1410 543 ad
1434 496 1640 545 Annam
1660 511 1678 553 ς

270 574 273 575 ’
400 561 589 610 Etcum
612 562 798 612 seducta
818 564 927 609 talia
948 563 1083 609 verba
1102 561 1224 609 facit.

336 628 506 676 Mense
527 645 631 677 meo
653 629 840 676 coleris:
872 628 1007 690 junxi
1030 643 1133 674 mea
1153 636 1359 690 tempora
1379 633 1565 675 tecum:

403 694 580 742 Pendet
601 696 658 742 ab
678 694 826 740 officio
849 709 952 754 spes
974 694 1083 739 mihi
1105 708 1273 755 magna
1293 701 1390 739 tuo.
1596 695 1699 740 680

335 759 538 808 Armiser
558 759 780 807 armiferae
802 765 1033 820 correptus
1057 773 1210 805 amore
1233 758 1466 805 Minervae

278 822 283 831 ⁸
407 825 560 873 Uror:
600 831 646 871 et
667 825 753 870 hoc
775 820 917 885 longo
941 826 1144 885 tempore
1164 824 1331 869 vulnus
1354 822 1452 870 alo(

336 890 499 946 Effice,
525 889 595 936 Di
615 889 764 936 studio
787 888 957 935 similes
979 890 1190 936 coe'amus
1211 890 1259 935 in
1281 900 1442 935 mmm.

405 954 699 1004 Conveniunt
712 961 871 1016 «partes
892 955 967 1000 hae
985 954 1081 1008 tibi,
1105 955 1247 1001 comis
1269 970 1400 1001 anus.

338 1018 551 1068 Dixerat.
585 1016 673 1065 Illa
699 1018 856 1066 Deum
878 1020 1101 1081 promisso
1122 1020 1238 1066 ludit
1255 1021 1416 1076 inani3

404 1085 471 1131 Et
492 1085 675 1132 stultam
698 1082 831 1131 dubia
852 1088 978 1147 spe'm
1003 1086 1139 1131 trahit
1158 1101 1301 1146 usque
1321 1082 1467 1132 mori.

340 1150 416 1199 Sae
450 1151 519 1196 ius
542 1151 742 1205 instanti,
768 1150 991 1197 Mandata
1011 1151 1284 1213 peregimus,
1307 1151 1484 1213 inquit:

404 1166 594 1262 §victas
615 1215 819 1277 precibus
840 1217 921 1262 vix
942 1216 1063 1262 dedit
1087 1216 1163 1263 illa
1182 1230 1357 1262 manus.

341 1282 526 1330 Gaudet
538 1280 710 1336 amans,
735 1282 1044 1342 thalamosque
1064 1289 1204 1343 parat.
1238 1281 1499 1329 Deducitur
1517 1280 1632 1327 illuc

404 1346 545 1394 Anna
564 1355 727 1409 tegens
749 1348 916 1401 vultus,
941 1355 993 1394 ut
1015 1362 1134 1394 nova
1155 1354 1307 1409 nupta,
1329 1362 1453 1394 suos.
1587 1349 1683 1393 690

338 1413 510 1461 Oscula
531 1421 762 1461 sumturus
783 1410 931 1460 subit&
955 1412 1087 1459 Mars
1107 1412 1296 1475 adspicit
1318 1413 1535 1469 Annamg

405 1477 546 1526 Nunc
568 1479 712 1542 pudor
733 1479 924 1536 elusum,
948 1495 1070 1526 nunc
1094 1479 1210 1526 subit
1233 1479 1311 1532 ira,
1337 1477 1511 1525 Deum.

339 1544 483 1593 Ridet
503 1553 749 1592 amatorem
771 1561 890 1592 carae
904 1560 1028 1591 nova
1048 1544 1178 1591 Diva
1199 1543 1457 1591 Minervae:

406 1610 510 1657 Nec
533 1626 604 1657 res
620 1611 710 1656 hac
733 1609 905 1656 Veneri
929 1610 1100 1671 gratior
1121 1609 1213 1656 ulla
1232 1609 1333 1656 fuit.

340 1673 456 1722 Iride
468 1676 563 1738 joci
585 1681 762 1721 veteres
784 1676 1080 1735 obscaenaque
1101 1674 1220 1721 dieta
1235 1681 1491 1722 canuntur:

407 1739 473 1787 Et
486 1742 621 1803 juvat
642 1741 759 1785 hanc
780 1754 951 1801 magno
972 1739 1110 1785 verba
1131 1740 1309 1787 dedisse
1330 1740 1455 1787 Deo.

343 1804 665 1852 Praeteritums
687 1820 809 1851 eram
830 1805 1006 1867 gladios
1029 1807 1076 1850 in
1102 1804 1315 1867 Principe
1334 1805 1484 1862 fixos;

407 1867 528 1920 Cum
547 1871 612 1917 sic
633 1868 660 1916 a
680 1871 816 1917 castis
839 1868 986 1916 Vesta
1004 1870 1158 1917 locuta
1176 1870 1317 1918 focis:

341 1934 420 1985 Ne
441 1937 592 1983 dubita
613 1937 896 1983 meminisset
937 1951 1067 1983 meus
1082 1935 1168 1982 fuit
1188 1937 1266 1984 ille
1283 1935 1527 1984 Sacerdos:

407 2002 652 2064 Sacrilegae
675 2002 776 2047 telis
796 2016 871 2047 me
890 2002 1062 2063 petiere
1083 2017 1258 2050 manus.
1580 2003 1673 2049 700

339 2066 449 2131 Ipsa
468 2068 617 2113 virum
640 2067 777 2128 rapui,
802 2067 1129 2128 simulacraque
1151 2069 1271 2114 nuda
1292 2067 1464 2129 reliqui.

408 2132 528 2186 Quae
548 2131 713 2179 cecidit
731 2132 865 2185 ferro,
891 2129 1089 2180 Caesaris
1110 2134 1267 2180 umbra
1287 2132 1387 2178 fuit.

338 2195 427 2245 Ille
447 2197 628 2258 quide-m
651 2198 769 2243 coelo
785 2197 959 2259 positus
979 2196 1114 2245 Jovis
1134 2199 1249 2245 atria
1265 2203 1451 2255 servat3

405 2262 474 2310 Et
494 2270 620 2309 tenet
643 2263 690 2309 in
714 2262 897 2326 Magno
921 2263 1093 2326 templa
1114 2264 1261 2310 dicata
1283 2261 1421 2309 Foro.

337 2328 408 2376 At
428 2329 699 2390 quicumque
719 2328 846 2376 nefas
867 2328 977 2385 ausi,
999 2329 1263 2390 prohibente
1282 2329 1470 2375 deorum

403 2393 621 2450 Numine,
643 2394 897 2456 polluerant
918 2392 1186 2441 Pontificale
1208 2410 1260 2441 ca
1291 2400 1355 2448 ut,

341 2456 498 2506 Morte
509 2460 665 2521 jacent
687 2460 860 2507 merita.
892 2458 1060 2507 Testes
1082 2466 1228 2506 estote
1252 2410 1446 2521 {hilippi
1457 2473 1476 2517 ς

406 2523 473 2571 Et
495 2539 687 2584 quorum
711 2525 877 2587 sparsis
900 2526 1076 2573 ossibus
1097 2526 1217 2572 albet
1236 2526 1417 2571 humus.
1531 2541 1534 2550 ·

342 2583 453 2638 Hoc
475 2603 602 2651 opus,
629 2591 728 2637 lraec
749 2591 907 2653 pietas,
931 2593 1032 2638 hoec
1052 2590 1198 2653 prima
1215 2590 1444 2637 elementa
1461 2586 1633 2636 fuerunt

407 2652 605 2705 Caesaris
618 2672 636 2715 ς
658 2656 815 2706 ulcisci
828 2657 958 2721 justa
971 2671 1053 2720 per
1073 2670 1206 2704 arma
1217 2661 1405 2720 patrem.
1571 2655 1661 2701 710
