1842 2966
488 127 834 181 TRISTIUM
867 130 974 180 Lm.
991 130 1092 181 111.
1124 137 1172 183 4.
1403 135 1500 180 181

141 260 319 321 Quam
340 270 483 326 potes,
507 270 705 310 extenua
721 260 830 309 forti
851 262 971 309 mala
991 263 1127 310 corde
1145 263 1355 325 serend03

223 329 311 376 Ad
330 344 434 389 quae
445 327 715 391 jampridem
738 343 830 375 non
852 327 964 374 rude
982 336 1140 389 pectus
1161 329 1310 378 habes.

142 394 322 455 Atque
343 395 515 440 utinam
536 399 723 454 pereant
743 394 906 440 animae
928 408 1031 439 cum
1053 409 1240 456 corpore
1261 403 1443 453 nostrae,

225 456 528 520 Effugiatque
548 457 703 505 avidos
724 472 826 520 pars
846 457 957 503 mihi
979 458 1105 518 nulia
1124 460 1292 521 rogos!
1440 466 1509 510 60

149 522 291 571 Nam
317 524 355 570 si
375 529 523 570 morte
545 537 702 569 carens
722 534 910 569 vacuam
933 523 1058 570 volat
1079 523 1196 570 altus
1218 525 1265 573 in
1287 540 1442 575 auram

228 588 438 650 Spiritus,
462 595 510 634 et
533 588 672 635 Samii
694 596 800 635 sunt
815 595 913 635 rata
935 588 1054 635 dicta
1075 589 1227 647 senis3

153 653 297 701 Inter
321 652 590 700 Sarmaticas
611 650 823 699 Romana
841 654 1080 714 vagabitur
1102 655 1311 713 umbras';

186 743 191 750 ·
228 717 413 779 Perque
432 717 555 764 feros
574 731 731 763 manes
752 718 929 779 hospita
951 733 1128 781 semper
1149 720 1251 767 erit.

158 782 290 831 Ossa
309 791 463 830 tamen
482 781 619 829 facito
639 779 780 843 parvzi
798 781 1049 830 referantur
1070 785 1118 830 in
1139 782 1267 832 urna.

232 848 312 895 Sic
333 863 423 910 ego
445 861 537 894 non
558 847 696 893 etiam
718 852 924 893 mortuus
1057 848 1076 894 1
1097 863 1192 895 ero.

159 913 271 961 Nec
284 918 411 959 vetat
420 913 506 958 hoc
519 911 770 972 quisquam.
800 910 1011 958 Fratrem
1103 913 1246 961 ebana
1258 920 1512 979 peremtum

232 977 481 1040 Supposuit
500 976 689 1031 tumulo,
711 975 848 1038 Rege
869 982 1066 1032 vetante,
1089 992 1232 1027 soror.

164 1043 324 1105 Atque
344 1056 400 1090 ea
419 1056 523 1088 cum
543 1040 664 1088 foliis
683 1047 732 1087 et
752 1042 917 1088 amomi
940 1042 1126 1103 pulvere
1146 1043 1316 1091 miscet
1487 1079 1506 1090 .

233 1107 382 1170 Inque
403 1107 655 1154 suburbano
677 1107 858 1154 condita
877 1121 998 1168 pone
1021 1108 1135 1155 solo.
1446 1114 1512 1160 70

148 1174 390 1234 *Quosque
408 1172 534 1233 legat
553 1187 712 1220 versus
731 1172 863 1218 oculo
884 1179 1154 1234 properante
1174 1174 1337 1232 viator,

235 1237 495 1287 Grandibus
514 1237 564 1284 in
585 1238 747 1284 tumuli
768 1252 995 1283 marmore
1015 1237 1141 1284 caede
1162 1240 1299 1287 notis.

168 1302 268 1351 Hie
289 1318 376 1365 ego
397 1303 473 1364 qui
485 1303 632 1364 jaceo,
655 1309 914 1348 tenerorum
936 1300 1062 1347 lusor
1082 1316 1298 1361 amorum,

239 1368 432 1430 Ingenio
452 1367 565 1428 perii
589 1365 717 1412 Naso
738 1366 874 1427 po'eta
894 1379 1014 1413 meo.

175 1438 244 1485 At
266 1434 342 1480 tibi
364 1433 438 1497 qui
460 1431 640 1487 transis,
661 1445 722 1476 ne
743 1431 802 1477 sit
823 1445 977 1492 grave,
1001 1430 1201 1492 quisquis
1221 1431 1393 1494 amisti,

241 1498 424 1555 Dicere.
446 1497 650 1545 Nasonis
671 1496 866 1543 molliter
887 1512 993 1543 ossa
1012 1497 1191 1544 cubent.

178 1565 289 1614 Hoc
311 1565 419 1612 satis
438 1564 486 1610 in
506 1563 641 1610 titulo
662 1568 747 1609 est.
794 1560 981 1609 Etenim
1003 1563 1175 1624 majora
1192 1562 1347 1622 libelli,

244 1630 310 1679 Et
331 1630 540 1678 diuturna
558 1628 706 1692 magis
728 1634 835 1674 sunt
853 1633 1150 1674 monumenta
1168 1629 1274 1677 mei.

177 1697 311 1753 Quos
330 1710 421 1757 ego
433 1692 629 1750 confido,
653 1692 860 1755 quamvis
880 1708 1088 1748 nocuere,
1112 1692 1295 1741 daturos

248 1760 445 1815 Nomen,
468 1766 515 1807 et
533 1759 707 1806 auctori
728 1765 933 1820 tempora
951 1757 1091 1819 longa
1111 1772 1210 1806 suo.
1453 1766 1520 1810 80

179 1826 257 1876 Tu
278 1833 427 1873 tamen
450 1826 675 1872 exstincto
694 1823 850 1871 feralia
870 1838 1058 1871 munera
1075 1823 1224 1882 fert03

244 1889 412 1952 Deque
432 1890 522 1936 tuis
540 1889 738 1936 lacrimis
757 1889 941 1935 humida
962 1896 1081 1937 serta
1101 1888 1223 1935 dato.

181 1955 403 2013 Quamvis
422 1954 470 2000 in
490 1955 686 2000 cinerem
708 1968 871 2014 corpus
889 1953 1136 2000 mutaverit
1155 1954 1302 2016 ignis;

248 2021 423 2069 Sentiet
443 2019 641 2066 officium
662 2026 829 2065 moem
845 2017 1001 2065 favilla
1019 2018 1160 2080 pium.

181 2087 387 2137 Scribere
406 2084 537 2146 plura
555 2084 664 2130 libet
681 2100 693 2130 ε
733 2084 813 2130 sed
831 2098 926 2130 vox
946 2084 1057 2130 mihi
1075 2082 1198 2131 fessa
1217 2083 1444 2146 loquendo

247 2149 462 2199 Dictandi
484 2149 617 2204 vires,
641 2149 845 2210 siccaque
863 2148 1035 2210 lingua,
1057 2156 1211 2211 negat.

181 2217 354 2277 Accipe
374 2229 583 2276 supremo
604 2212 772 2260 dietum
793 2213 903 2259 mihi
920 2212 1111 2269 forsitan
1133 2229 1225 2269 ore,

249 2280 401 2337 Quod,
424 2281 501 2328 tibi
523 2280 599 2341 qui
620 2280 774 2335 mittit,
794 2293 888 2325 non
909 2279 1044 2326 habet
1060 2279 1170 2341 ipse,
1194 2277 1328 2327 Vale·

656 2471 925 2521 ELEGIA
958 2470 1049 2518 IV.

187 2607 232 2656 0
253 2619 376 2654 mm
395 2621 499 2654 care
518 2604 702 2669 quidem
724 2618 914 2665 semper,
938 2603 1017 2649 sed
1038 2609 1241 2665 tempore
1261 2603 1374 2650 duro

254 2670 469 2735 eognite,
491 2686 565 2721 res
584 2676 822 2734 postquam
842 2669 1123 2731 procubuere
1143 2682 1291 2728 rneae3
1325 2723 1332 2729 .
