1842 2966
514 170 897 225 PASTORUM
929 172 1038 222 Ln-
1060 171 1153 222 lv.
1181 212 1186 217 .
1438 177 1501 222 87

131 304 192 353 U
254 318 316 351 ue
336 303 434 350 luat
453 316 613 367 poenas
634 320 752 366 gens
770 305 885 359 haec,
912 302 1174 353 Cerealibus
1193 305 1344 353 ardet:
1443 342 1448 346 -

303 385 421 430 oque
442 371 578 417 modo
601 377 780 433 segetes
800 370 1007 433 perdidit,
1030 371 1128 439 ipsa
1146 372 1277 432 perit.

131 435 388 485 Pastum
409 432 514 481 cum
535 437 691 483 veniet
707 442 853 483 terras
873 437 1027 482 visura
1045 441 1254 498 patentes

209 499 490 549 Memnonis
511 501 558 547 in
580 501 721 548 roseis
742 498 865 548 l'utea
884 507 1032 548 mater
1053 501 1210 561 equis}

132 566 208 615 E*
240 566 362 612 duce
381 566 572 629 lanigeri
593 567 781 628 pecoris,
803 567 881 628 qui
902 566 1102 629 prodidit
1124 564 1309 621 Hellen,

213 630 304 678 Sol
325 631 448 678 abit:
486 647 671 693 egresso
693 633 880 679 victima
899 633 1044 694 major
1066 632 1210 678 adest.

136 696 317 745 Vacca
337 696 396 743 sit
418 711 476 743 an
498 704 668 752 taurus,
691 713 783 744 non
806 705 878 744 est
899 712 1178 759 cognoscere
1197 701 1452 760 promtum:

217 759 341 808 Pars
359 763 483 823 prior
505 762 709 824 adparet:
736 763 989 825 posteriora
1009 763 1170 809 latent.

143 828 252 876 seu
273 833 430 874 tamen
451 834 521 875 est
541 834 711 883 taurus,
734 828 832 875 sive
853 836 926 875 est
946 829 1032 875 hoc
1053 828 1225 875 femina
1245 827 1460 891 signum3

215 890 259 941 J
259 906 410 939 unone
424 891 568 940 invita
588 909 754 940 munus
776 895 942 941 amoris
963 894 1111 940 habet.
1406 894 1505 940 720

48 982 59 985 -
142 957 279 1007 Nox
299 960 419 1013 abiit,
444 960 674 1021 oriturque
696 959 891 1006 Aurora.
927 959 1089 1006 Palilia
1108 974 1287 1022 poscor.

221 1024 339 1072 Non
362 1040 526 1086 poscor
543 1023 724 1079 frustra,
749 1025 786 1072 si
806 1024 934 1072 favet
955 1025 1074 1073 alma
1096 1023 1249 1072 Pales.

148 1091 301 1140 Alma
324 1088 473 1145 Pales,
495 1089 650 1138 faveas
670 1090 867 1153 pastoria
887 1105 1016 1138 sacra
1036 1091 1245 1148 canenti;

225 1155 488 1217 Prosequor
509 1156 659 1203 officio
683 1157 720 1202 si
741 1163 822 1203 tua
838 1155 958 1203 festa
977 1156 1068 1219 pio.

154 1218 308 1272 Cen&
328 1237 420 1284 ego
442 1221 498 1269 de
517 1221 662 1269 vitulo
686 1223 896 1277 cinerem,
918 1219 1196 1286 stipulasque
1214 1218 1399 1277 fabaloe,
1437 1260 1456 1271 .

227 1287 364 1351 Saepe
386 1288 470 1333 tuli
490 1286 638 1349 plena,
661 1286 818 1334 februa
838 1295 975 1342 casta,
997 1300 1151 1333 manu.

156 1350 311 1404 certe
330 1367 421 1415 ego
442 1353 647 1400 transilui
666 1353 839 1415 positas
858 1359 930 1401 ter
949 1353 998 1398 in
1018 1352 1180 1400 ordine
1197 1348 1403 1399 flammas
1418 1364 1444 1409 ί

227 1417 469 1481 Virgaque
488 1425 660 1466 roratas
681 1419 836 1464 laurea
855 1418 981 1464 misit
1000 1431 1155 1479 aquas.

157 1485 303 1534 Mota
323 1483 435 1533 Dea
453 1492 556 1542 est;
590 1485 805 1548 operique
824 1482 965 1531 favet.
995 1480 1250 1530 Naulibus
1271 1480 1359 1538 exi,

230 1550 437 1613 Puppis:
475 1552 644 1598 habent
661 1556 828 1597 ventos
838 1550 939 1613 ⁸jum
961 1556 1041 1595 tua
1060 1548 1164 1595 vela
1184 1561 1309 1595 suos.
1415 1545 1515 1593 750

157 1616 203 1675 1,
227 1625 337 1680 pete
354 1615 575 1678 virginea,
598 1616 804 1679 populus,
827 1614 1039 1662 suffimen
1061 1614 1117 1661 ab
1138 1610 1245 1659 araz

212 1682 380 1731 'Vesta
401 1682 536 1729 dabit.
569 1680 732 1728 Vestae
752 1695 943 1727 munere
961 1695 1102 1742 purus
1124 1677 1228 1725 eris.

159 1749 255 1799 san
328 1748 366 1796 's
387 1747 489 1810 equi
511 1745 723 1795 suffimen
743 1746 841 1801 erit,
863 1745 1086 1808 vitulique
1099 1744 1279 1793 favilla:

275 1814 393 1862 ertia
414 1828 501 1869 res,
525 1813 652 1860 durae
674 1812 855 1859 culmen
877 1810 1013 1859 inane
1033 1809 1164 1858 fabae.

163 1880 347 1936 Pastor,
370 1894 484 1926 oves
506 1884 682 1926 saturas
703 1877 759 1925 ad
780 1878 927 1940 prima
948 1874 1211 1939 crepuscula
1228 1874 1387 1921 lustra.

176 1963 187 1996 t
232 1944 344 1992 Uda
362 1941 489 2006 prius
510 1950 710 2006 spargat,
731 1943 953 2006 virgaque
974 1947 1125 1989 verrat
1146 1942 1350 1986 humum.

165 2010 426 2060 Fraudibus
448 2017 496 2057 et
516 2008 620 2056 fixis
643 2010 913 2056 decorentur
935 2007 1072 2055 ovilia
1091 2005 1262 2063 ramis;

230 2076 299 2125 Et
320 2082 449 2138 tegat
471 2082 652 2122 ornatas
671 2075 814 2137 longa
833 2087 1004 2121 corona
1023 2072 1160 2119 fores.

165 2140 369 2192 caerulei
389 2140 504 2188 fiant
521 2143 631 2188 vivo
648 2140 897 2188 de=sulfure
917 2139 1068 2196 fumi;

232 2207 470 2268 Tectaque
488 2205 682 2253 fumanti
705 2204 879 2253 sulfure
895 2205 1020 2252 balet
1042 2203 1158 2251 ovis.
1419 2199 1520 2248 '740

169 2272 271 2322 Ure
291 2287 443 2319 mares
465 2272 600 2327 oleas,
623 2272 890 2333 taedamque,
912 2271 1164 2330 herbasque
1187 2264 1375 2315 Sabinas
1387 2282 1405 2324 ς

233 2338 303 2386 Et
325 2345 477 2400 crepet
497 2339 545 2384 in
566 2337 728 2384 mediis
748 2337 900 2384 laurus
924 2335 1083 2384 adusta
1099 2332 1229 2381 focis.

169 2404 378 2465 Libaque
400 2402 458 2450 de
477 2403 603 2450 milio
624 2403 737 2449 milii
757 2400 930 2448 fiscella
949 2406 1187 2462 sequatur:

232 2469 432 2517 Rustica
450 2464 681 2533 praecipue
701 2484 793 2529 quo
815 2467 923 2514 Dea
943 2466 1053 2514 laeta
1073 2465 1172 2511 cibo
1195 2468 1279 2510 est.
1451 2525 1461 2535 ⁶

170 2536 308 2585 Adde
324 2535 463 2597 dapes
484 2535 812 2594 mulctramque
835 2548 969 2579 suasa
1009 2531 1283 2593 dapibusque
1304 2532 1489 2574 resectis

240 2600 504 2648 silvicolam
524 2600 678 2664 tepido
698 2600 815 2646 lacte
837 2607 1022 2661 precare
1045 2595 1204 2643 Palen.
1366 2655 1377 2666 ·

178 2665 399 2721 consule,
419 2665 503 2722 dic,
525 2665 678 2729 pecori
698 2666 865 2727 pariter
886 2663 1152 2725 pecorisque
1173 2659 1432 2720 magistr-ist

240 2730 451 2795 Effingiat
470 2731 657 2779 stabulis
677 2744 799 2778 noxa
820 2729 1002 2793 repulsa
1021 2728 1150 2774 meis.
