1842 2966
374 116 681 170 EPISTOL.
702 116 802 168 Ex
825 117 1057 169 PONTO
1082 120 1188 171 Lu.
1204 121 1295 171 IV.
1314 125 1360 170 2.
1440 124 1538 169 313

190 251 391 302 Scilicet
412 256 464 298 ut
483 251 620 297 limus
642 265 782 297 venas
803 259 1007 300 excaecat
1027 252 1074 298 in
1098 254 1244 308 undis,

264 314 499 377 Laesaque
518 331 758 378 suppresso
777 315 907 363 fonte
930 318 1098 365 resistit
1119 333 1260 379 aqua;

188 380 486 444 Pectoralsic
508 397 611 428 mea
631 388 739 428 sunt
758 381 868 428 limo
889 383 1049 430 vitiata
1069 383 1316 431 malorum':

259 446 335 495 Et
355 462 539 494 carmen
560 445 679 494 vena
697 448 962 509 pauperiore
981 446 1097 495 fluit.
1476 450 1541 495 20

186 512 256 561 Sir
269 513 376 573 quis
398 513 446 559 in
466 510 551 558 hac
573 512 719 573 ipsum
742 510 862 558 terra
882 513 1108 575 posuisset
1128 511 1388 560 Homerum
1406 529 1422 572 3

261 576 423 632 Esset,
446 577 581 624 crede
601 577 725 632 mihi,
747 576 893 624 factus
916 585 963 624 et
984 578 1060 625 ille
1085 579 1247 626 Getes.

186 643 281 691 Da
302 643 486 689 veniam
508 641 659 699 fasso3
695 642 853 689 studiis
874 658 1057 703 quoque
1075 642 1206 692 frena
1227 643 1392 699 remisi,

263 706 470 755 Ducitur
492 715 540 755 et
560 706 715 769 digitis
734 707 866 754 litera
886 723 988 755 rara
1007 709 1135 756 meis.

190 772 411 836 Impetus
432 772 508 819 ille
529 773 667 827 sacer,
690 773 767 833 qui
788 779 943 820 vatum
965 781 1150 834 pectora
1170 773 1327 829 nutrit,

266 838 367 893 Qui
386 835 512 900 prius
534 839 583 883 in
605 838 734 886 nobis
755 851 858 885 esse
878 839 1062 894 solebat,
1086 840 1227 887 abest.

190 902 301 950 Vix
322 904 451 950 venit
470 904 529 950 ad
548 910 713 964 partes,
735 904 816 950 vix
837 911 1003 952 sumtae
1024 903 1168 953 Musa
1187 902 1369 952 tabellae

265 966 472 1030 Imponit
491 969 644 1031 pigras
664 964 782 1030 pene
803 975 963 1028 coacta
981 985 1156 1017 manus.

193 1033 455 1094 Parvaque,
479 1049 540 1081 ne
562 1034 707 1081 dicam
729 1034 951 1083 scribendi
972 1035 1098 1084 nulla
1116 1035 1327 1098 voluptas

267 1097 361 1147 Est
380 1099 521 1145 mihi:
561 1105 645 1146 nec
667 1100 864 1146 numeris
887 1108 1071 1148 nectere
1092 1102 1231 1148 verba
1241 1102 1392 1164 juvat.
1473 1099 1542 1145 50

109 1161 116 1168 ’
201 1164 321 1213 Sive
341 1160 461 1226 qudd
481 1165 592 1210 hino
607 1163 785 1211 fructus
806 1162 918 1211 adeo
941 1181 1034 1211 non
1057 1167 1257 1228 cepimus
1278 1166 1410 1222 ullos,

269 1228 550 1292 Principium
573 1229 719 1276 nostri
740 1244 812 1275 res
835 1229 895 1275 sit
911 1236 963 1275 ut
984 1230 1072 1276 ista
1093 1232 1223 1277 mali:

199 1295 316 1343 Sive
336 1291 458 1356 quod
479 1296 526 1340 in
548 1293 745 1341 tenebris
768 1308 1034 1340 numerosos
1056 1310 1225 1355 ponere
1245 1310 1444 1356 gressus,

271 1358 498 1422 Quodque
516 1360 646 1422 legas
667 1358 792 1412 nulli,
817 1358 1010 1405 scribere
1032 1374 1228 1413 carmen,
1252 1360 1370 1407 idem
1392 1368 1476 1407 est.

199 1425 395 1475 Excitat
414 1425 591 1471 auditor
612 1424 839 1481 studium3
873 1422 1144 1485 laudataque
1164 1424 1310 1471 virtus

271 1488 480 1548 Crescit;
514 1499 560 1538 et
581 1492 851 1538 immensum
873 1490 1022 1552 gloria
1043 1491 1192 1537 calcar
1212 1490 1360 1537 habet.

202 1555 304 1604 Hic
326 1567 428 1602 mea
448 1557 521 1602 cui
544 1557 742 1611 recitem,
766 1555 854 1602 nisi
874 1553 1008 1602 flavis
1030 1556 1197 1617 scripta
1220 1553 1429 1609 Corallis,

272 1620 489 1682 Quasque
511 1621 621 1669 alias
641 1628 803 1683 gentes
824 1621 1036 1668 barbarus
1058 1618 1181 1667 Ister
1200 1620 1367 1668 habet?

204 1686 300 1736 sed
320 1687 429 1747 quid
453 1686 575 1734 solus
596 1701 730 1748 agam
745 1686 769 1730 Ρ
802 1684 982 1748 quaque
1000 1685 1199 1734 infelicia
1217 1685 1402 1749 perdam

271 1751 380 1799 Otia
399 1749 599 1806 materia,
623 1752 951 1815 surripiamque
973 1752 1091 1798 diem
1104 1750 1127 1797 ἲ
1481 1752 1549 1796 40

203 1816 330 1866 Nam
355 1816 460 1878 quia
481 1831 566 1863 nec
588 1816 759 1871 vinum,
782 1831 867 1864 nec
888 1832 964 1863 me
985 1823 1112 1863 tenet
1134 1817 1233 1864 alea
1251 1814 1405 1870 fallax.

271 1880 365 1929 Per
386 1882 489 1943 quae
510 1879 628 1929 clim
644 1882 831 1929 tacitum
854 1888 1033 1942 tempus
1056 1883 1177 1928 abire
1200 1881 1346 1936 solet3

205 1946 312 1996 Nec
333 1961 421 2000 me,
444 1947 565 2008 quod
585 1961 809 2009 cuperem,
833 1947 871 1993 si
893 1962 974 2008 per
994 1946 1090 1994 fera
1109 1946 1227 1993 bella
1247 1946 1415 2000 liceret,

271 2011 484 2060 oblectat
504 2012 629 2061 cultu
651 2019 771 2058 terra
792 2019 961 2059 novata
981 2027 1087 2059 suoz

209 2076 348 2134 Quid,
372 2077 459 2124 nisi
482 2076 699 2133 Pierides,
722 2076 881 2124 solatia
899 2075 1078 2140 frigida,
1100 2082 1255 2130 restat,

271 2141 384 2190 Non
405 2143 520 2189 bene
541 2143 598 2189 de
619 2142 747 2189 nobis
800 2158 872 2190 uae
893 2157 1099 2193 meruere
1120 2140 1243 2189 Deae
1258 2140 1281 2187 ἰ’

209 2208 277 2257 At
298 2215 363 2263 tu,
386 2208 460 2254 cui
480 2207 646 2255 bibitur
664 2206 784 2255 felici
817 2224 841 2255 s
862 2207 1044 2255 Aonius
1064 2205 1181 2263 sons,

274 2272 463 2320 Utiliter
485 2273 683 2320 studium
705 2274 826 2335 quod
846 2273 927 2319 tibi
949 2272 1080 2329 cedit,
1103 2286 1220 2320 ama.
1252 2318 1257 2325 ,

210 2336 438 2398 Sacraque
459 2337 701 2386 Musarum
723 2335 887 2386 meritd
909 2338 1036 2386 colea
1069 2337 1280 2399 quodque
1299 2338 1521 2400 legamus,

275 2401 386 2451 Huc
408 2402 589 2465 aliquod
610 2417 733 2451 curae
754 2405 887 2452 mitte
907 2404 1102 2451 recentis
1122 2418 1252 2465 opus.
1480 2405 1545 2448 50

211 2751 312 2786 vox..
331 2751 405 2785 111.
1074 2736 1105 2778 2
1128 2747 1157 2777 u
