1842 2966
548 159 932 211 FASTORUM
964 160 1070 213 Lu.
1093 160 1163 211 11.
1300 150 1306 155 ’
1469 166 1538 212 25

179 290 256 342 Te
277 292 457 343 Remus
479 294 686 352 incusat3
718 293 901 341 veniam
924 293 1049 342 dedit
1067 292 1272 344 hostibus
1291 295 1386 343 ille.

246 357 509 417 Coelestem
522 357 632 406 fecit
651 366 698 407 te
722 358 889 417 Pater;
923 360 1001 407 ille
1024 358 1224 410 Patrem.

177 423 296 474 Jm
315 440 429 490 puer
446 423 606 472 Idaeus
625 422 776 472 media
795 431 934 473 tenus
954 426 1123 474 eminet
1144 426 1260 482 alvo,

245 489 317 538 Et
335 491 528 553 liquidas
548 491 692 537 mixto
715 497 898 537 nectare
916 488 1067 539 fundit
1087 506 1239 553 aquas.

175 554 260 605 En
272 556 434 613 etiam,
457 557 496 602 si
517 556 618 616 quis
640 554 824 602 Borean
844 557 1031 604 horrere
1054 557 1237 612 solebat,

246 619 490 670 Gaudeat.
529 619 556 667 a
576 619 798 682 Zephyris
820 621 1002 668 mollior
1021 636 1131 669 aura
1149 623 1292 668 venit.

180 682 413 743 Qum-us
433 687 488 733 ab
509 687 731 747 aequoreis
752 686 944 734 nitidum
955 686 1095 750 jubar
1114 687 1280 734 extulit
1298 687 1431 734 undis

244 749 447 806 Lucifer,
470 758 517 798 et
537 752 670 814 primi
689 758 899 814 tempora
917 753 1040 799 veris
1061 758 1188 800 eunt.
1435 754 1532 799 150

177 815 263 865 'Ne
282 816 440 864 fallare
460 824 643 875 tamen;
678 823 848 864 restant
870 817 950 864 tibi
970 816 1155 880 frigora,
1180 824 1374 866 restant:

248 881 521 945 Magnaque
541 881 774 930 discedens
796 881 931 944 signa
951 883 1164 946 relinquit
1183 885 1343 930 hiems.

181 944 381 995 Trana
401 962 498 995 nox
516 947 695 995 veniat·
738 945 989 996 Custodem
1011 950 1218 1011 protinus
1244 948 1383 999 Ursae

248 1010 493 1074 Adspicies
514 1012 725 1076 geminos
746 1013 1002 1060 exseruisse
1020 1015 1172 1076 pedes.

184 1075 320 1126 Inter
343 1076 704 1139 Hamadryadas,
719 1078 1121 1141 ,iaculatricemque
1142 1078 1359 1135 Dianam,

255 1139 451 1193 Callisto
474 1145 588 1191 sacri
607 1158 713 1206 pars
732 1142 820 1190 fuit
839 1159 932 1191 una
956 1141 1115 1193 chori.

184 1204 278 1256 Ina
300 1207 423 1257 Deae
444 1216 640 1272 tangens
660 1224 802 1263 arcus,
827 1208 961 1263 Quos
984 1211 1228 1273 tangimus,
1254 1225 1398 1266 arcus,
1469 1204 1477 1212 ⁸

249 1272 385 1323 Este
391 1289 508 1321 meae
530 1281 670 1321 testes
691 1274 979 1336 virginitatis,
1002 1276 1081 1322 ait.

188 1334 396 1401 Cynthia
414 1339 646 1396 laudavit3
681 1337 1003 1400 Promissaque
1021 1339 1195 1388 foedera
1216 1355 1360 1398 serva,

248 1403 318 1452 Et
338 1405 557 1452 comitum
578 1404 786 1467 princeps
807 1411 858 1451 tu
880 1405 1005 1461 mihi,
1030 1405 1157 1459 dixit,
1180 1405 1286 1454 eris.
1441 1407 1536 1450 160

183 1468 386 1520 Foedera
405 1468 641 1527 servasset,
667 1470 708 1517 si
728 1485 821 1517 non
840 1468 1044 1518 formosa
1061 1468 1237 1517 fuisset.

254 1535 395 1586 Cavit
415 1536 661 1585 mortales.
701 1535 757 1581 de
776 1533 899 1583 Jove
920 1536 1092 1581 crimen
1114 1535 1263 1583 habet.

184 1601 326 1651 Mille
345 1601 465 1661 feras
486 1599 663 1649 Phoebe
683 1600 808 1649 silvis
829 1607 996 1647 venata
1015 1600 1220 1658 redibat,

255 1667 360 1715 Aut
378 1663 495 1732 plus,
518 1674 595 1714 aut
616 1666 814 1713 medium
838 1666 948 1713 Sole
966 1672 1153 1714 tenente
1173 1634 1312 1716 diem

188 1732 262 1782 Ut
283 1733 438 1795 tetigit
456 1732 608 1780 lucum
633 1728 796 1795 (densa
816 1731 949 1795 niger
968 1731 1071 1779 ilice
1089 1733 1253 1791 lucus3

258 1795 319 1846 In
340 1797 490 1858 medio
511 1797 679 1860 gelidae
696 1796 801 1846 sons
822 1804 921 1844 erat
941 1797 1061 1845 altus
1080 1794 1236 1859 aquae)

188 1862 315 1918 Hac,
337 1862 414 1919 ait,
435 1863 484 1910 in
507 1860 643 1918 silva,
657 1862 791 1924 virgo
811 1860 1027 1924 Tegeaea,
1049 1861 1272 1911 lavemur.

250 1927 453 1977 Erubuit
470 1926 587 1975 falso
607 1926 800 1989 virginis
819 1927 898 1973 illa
918 1942 1049 1975 sono.

184 1992 389 2043 Dixerat
408 2000 457 2041 et
477 1992 710 2055 Nymphis
726 2009 740 2039 ι
776 1990 1015 2055 Nymphae
1036 1992 1262 2039 velamina
1274 1998 1465 2056 ponunt.

256 2056 398 2106 Hanc
418 2058 570 2121 pudet,
593 2064 647 2105 et
661 2057 803 2104 tardae
825 2057 904 2105 dat
924 2057 1042 2104 mala
1063 2058 1195 2120 signa
1214 2073 1372 2106 morae.
1444 2059 1537 2105 170

182 2122 395 2173 natuerat
415 2125 622 2170 tunicas·
661 2123 776 2170 uteri
796 2121 1039 2170 manifesta
1059 2130 1249 2181 tumore,

250 2187 469 2236 Proditur
487 2188 653 2235 indicio
674 2187 919 2250 ponderis
906 2203 1004 2250 ipsa
1026 2189 1108 2235 sui.
1242 2224 1250 2230 .

185 2252 280 2305 cui
303 2252 424 2311 Dea,
446 2253 708 2316 Virgineos,
731 2254 910 2315 perjura
932 2251 1151 2314 Lycaoni,
1176 2225 1324 2300 coetus

250 2318 446 2373 Desere,
468 2334 554 2366 nec
575 2323 723 2366 castas
742 2318 907 2380 pollue,
932 2318 1057 2373 dixit,
1080 2332 1235 2379 aquas.

184 2382 327 2436 Luna
345 2399 517 2432 novum
540 2384 687 2431 decies
708 2381 918 2446 implerat
939 2383 1145 2430 cornibus
1167 2384 1352 2432 orbem:

251 2447 379 2505 Quae
397 2449 547 2497 fuerat
565 2449 698 2511 virgo
719 2449 900 2503 credita,
924 2454 1069 2504 mater
1089 2454 1199 2495 erat.

183 2511 329 2564 Laesa
345 2513 457 2564 furit
475 2513 511 2563 J
513 2530 617 2570 uno,
637 2514 833 2561 formam
855 2520 1092 2574 mutatque
1110 2511 1290 2575 puellae.

256 2577 386 2634 Quid
404 2579 545 2634 facis?
577 2580 723 2628 invito
743 2585 928 2656 pectore
947 2593 1080 2644 passa
1097 2577 1270 2627 Jovem
1288 2584 1373 2625 est.

188 2642 241 2693 U
294 2659 354 2693 ue
366 2643 483 2696 ferae
503 2645 618 2694 vidit
639 2637 792 2709 turbes
812 2645 860 2692 in
880 2640 1042 2707 pellice
1061 2643 1240 2700 vultum
1529 2673 1534 2679 ·

314 2711 415 2772 ujus
434 2711 482 2759 in
506 2703 741 2775 amplexus
760 2708 970 2773 Jupiter,
979 2709 1154 2769 inquit,
1161 2715 1247 2754 eat.
1443 2702 1540 2748 180

184 2786 296 2825 vot·-
313 2790 388 2824 ΠΙ.
554 2806 563 2812 -
1114 2788 1147 2818 n
