1842 2966
329 132 435 176 208
657 126 717 178 P.
747 123 986 175 OVIDII
1019 121 1325 174 NASONIS

336 257 606 318 Quantaque
625 257 673 304 in
694 256 911 321 Augusto
923 254 1191 313 clementia3
1223 246 1393 316 siquis
1415 257 1488 305 ab
1503 258 1595 307 mo

403 320 511 369 Hoc
531 329 705 385 peteret
718 339 800 385 pro
822 337 908 378 me,
931 321 1122 368 forsitan
1143 319 1220 367 ille
1241 320 1385 368 daret.

336 386 526 448 Frigida
545 402 620 434 me
640 389 850 435 cohibent
871 386 1046 435 Euxini
1065 387 1199 433 litora
1220 383 1388 433 Ponti:
1449 387 1462 395 ‘

402 450 571 499 Dictus
592 454 647 499 ab
668 451 862 514 antiquis
883 453 1077 499 Axenus
1097 451 1175 497 ille
1191 449 1294 497 fuit.

338 515 463 564 Nam
485 533 629 579 neque
642 519 872 581 Jactantur
892 516 1134 565 moderatis
1157 529 1342 576 aequora
1360 517 1531 564 ventis
1546 535 1560 564 ε

406 582 510 630 Nec
530 584 729 646 placidos
747 590 905 646 portus
928 582 1105 642 hospita
1126 581 1260 627 navis
1276 581 1385 627 adit.

340 646 458 694 Sunt
470 646 588 695 circa
607 655 783 710 gentes,
807 662 907 709 quae
930 646 1126 709 praedam
1149 645 1373 708 sanguine
1392 653 1649 708 quaerant:

406 712 509 760 Nec
531 712 681 760 minus
695 710 832 759 infida
851 720 971 760 terra
991 711 1175 758 timetur
1195 708 1323 776 aqua.
1641 712 1703 758 60

343 774 433 833 Illi,
457 794 572 839 quos
593 778 718 825 audis
739 778 973 823 hominum
995 776 1193 837 gaudere
1213 789 1389 831 cruore,

412 841 540 890 Pena
563 844 644 889 sub
665 842 862 903 ejusdem
886 841 1043 888 sideris
1064 856 1149 888 axe
1161 841 1334 903 Jacent.

345 905 450 955 Nec
469 906 628 970 procul
647 904 676 953 ὲ
694 907 823 954 nobis
842 907 972 954 locus
988 913 1071 961 est,
1094 906 1167 953 ubi
1189 904 1387 953 Taurica
1406 903 1517 953 dira

413 971 555 1020 Caede
576 973 844 1033 pharetratae
864 973 1063 1034 pascitur
1083 985 1159 1018 ara
1183 969 1319 1018 Deae.

353 1036 475 1084 Haec
494 1034 629 1099 prius,
654 1043 706 1083 ut
726 1043 993 1093 memorant,
1014 1052 1108 1084 non
1129 1036 1351 1083 invidiosa
1372 1034 1604 1096 nefandis,

311 1121 315 1126 ·
414 1100 518 1147 Nec
539 1101 758 1163 cupienda
769 1103 912 1157 bonis,
937 1117 1079 1163 regna
1099 1101 1323 1148 Thoantis
1342 1106 1495 1148 erant.

350 1165 447 1215 Hic
468 1182 551 1229 pro
567 1167 796 1229 supposita
816 1168 951 1230 virgo
974 1167 1190 1229 Pelopeia
1210 1163 1345 1215 cerva

419 1230 557 1279 Sacra
578 1230 700 1279 Deae
720 1233 862 1280 coluit
881 1232 1224 1293 qualiacumque
1245 1246 1357 1277 suae.

353 1295 462 1353 Qn&
481 1304 735 1359 postquam,
757 1298 939 1345 dubium
959 1298 1061 1359 pius
1078 1312 1137 1344 an
1158 1296 1418 1352 sceleratus,
1442 1293 1640 1343 Orestes

392 1396 403 1400 -
420 1361 627 1411 Exactus
648 1362 777 1409 furiis
797 1369 987 1409 venerat
1007 1362 1103 1423 ipse
1126 1361 1231 1417 suis,
1281 1416 1300 1428 ο
1642 1362 1701 1407 70

357 1427 427 1479 Et
447 1443 601 1475 comes
623 1427 882 1490 exemplum
903 1426 999 1482 veri
1023 1425 1234 1474 Phoceus
1255 1426 1454 1485 amoris3

425 1494 520 1552 Qui
542 1494 633 1540 duo
654 1494 929 1555 corporibus,
951 1493 1176 1539 mentibus
1193 1507 1312 1539 unus
1332 1497 1490 1549 erant3

356 1559 575 1609 Protinus
596 1559 763 1606 evincti
784 1557 957 1605 Triviae
976 1558 1200 1605 ducuntur
1219 1558 1277 1604 ad
1297 1571 1436 1612 mna,

425 1624 547 1679 Quae
568 1625 712 1671 stabat
729 1623 936 1685 geminas
957 1630 1061 1669 ante
1082 1630 1270 1670 cruenta
1286 1621 1423 1669 sores.

359 1689 464 1738 Nec
480 1696 631 1736 tamen
647 1690 766 1734 hunc
779 1703 860 1735 sua
871 1703 1008 1742 mors,
1019 1702 1106 1735 nec
1116 1703 1239 1734 mors
1252 1702 1333 1734 sua
1344 1686 1510 1733 terruit
1522 1686 1650 1733 illum
1663 1701 1676 1731 z

358 1748 364 1758 “
428 1754 561 1802 Alter
582 1754 640 1799 ob
661 1754 842 1800 alterius
862 1753 1021 1799 funera
1042 1760 1235 1800 moestus
1255 1758 1366 1799 erat.

362 1819 432 1868 Et
442 1821 539 1882 jam
562 1820 824 1866 constiterat
846 1819 1001 1865 stricto
1023 1833 1238 1864 mucrone
1262 1817 1473 1863 sacerdos
1484 1833 1504 1873 ;

432 1882 653 1933 Cinxerat
674 1891 719 1930 et
745 1884 904 1946 GraJas
928 1882 1111 1929 barbara
1130 1884 1244 1929 vitta
1264 1896 1445 1929 comasz

367 1949 488 2000 cnm
509 1950 610 1997 vice
631 1950 850 1996 sermonis
869 1949 1053 1995 fratrem
1076 1948 1303 2010 cognovit,
1328 1952 1375 1992 et
1397 1946 1462 1992 illi

434 2015 526 2063 Pro
549 2030 660 2061 nece
681 2015 944 2075 complexus
967 2010 1204 2075 Iphigenia
1226 2011 1361 2058 dedit.
1643 2011 1703 2055 80

366 2080 502 2128 Laeta
518 2078 639 2125 Deae
661 2079 854 2139 signum,
879 2078 1074 2125 crudelia
1094 2092 1219 2124 sacra
1239 2091 1428 2138 perosae,

434 2143 686 2192 Transtulit
707 2157 765 2188 ex
786 2143 886 2196 illis,
910 2144 957 2189 in
976 2143 1173 2196 meliora,
1196 2141 1323 2188 locis.

371 2210 495 2259 Haec
517 2208 656 2269 igitur
677 2207 815 2268 regio,
839 2209 994 2269 magni
1015 2223 1117 2268 pars
1139 2207 1298 2253 ultima
1318 2204 1489 2259 mundi,

349 2272 356 2280 “
436 2274 588 2327 Quam
607 2269 768 2332 sugere
788 2272 991 2318 homines
1015 2272 1181 2333 Dique,
1211 2271 1465 2334 propinqua
1483 2268 1593 2314 mihi
1615 2272 1700 2313 est·

377 2339 533 2396 Atque
555 2351 701 2380 meam
724 2343 887 2381 terram
908 2352 1048 2397 prope
1069 2344 1175 2382 sunt
1194 2336 1398 2382 funebria
1409 2348 1558 2389 sacra,

442 2401 490 2447 Si
511 2395 647 2444 modo
667 2398 843 2446 Nasoni
863 2401 1048 2446 barbara
1066 2407 1187 2446 terra
1207 2415 1288 2446 sua
1303 2405 1386 2444 est.

376 2464 424 2513 Ο
447 2463 616 2509 utinam
637 2465 775 2517 venti,
798 2465 957 2524 quibus
979 2471 1049 2511 est
1068 2465 1240 2511 ablatus
1263 2463 1465 2518 Orestes,

442 2526 630 2576 Placato
653 2527 846 2575 referant
865 2534 912 2575 et
933 2542 1035 2575 mea
1050 2529 1152 2576 vela
1172 2527 1303 2576 Deo!
