1842 2966
486 154 832 210 TRISTIUM
863 155 972 207 Lu.
992 157 1084 208 IV.
1117 165 1163 209 9.
1391 164 1487 209 21³

113 286 234 337 sed
258 283 410 343 modd,
429 302 543 349 quos
562 289 712 345 habui,
733 302 929 337 vacuum
952 290 1158 338 secedere
1178 291 1227 338 in
1248 292 1429 339 hortos:
1449 335 1456 341 .

206 351 351 399 Nunc
371 352 605 402 hominum
627 353 728 400 visu
749 369 903 401 rursus
924 361 972 402 et
995 353 1126 401 Urbe
1137 355 1238 404 frui.

128 418 227 465 Sic
251 418 404 464 animo
420 418 645 478 quondam
667 433 758 466 non
781 418 1011 467 divinante
1029 419 1183 467 futura

209 482 441 543 Optabam
461 481 634 562 placide
653 483 810 530 vivere
821 499 957 545 posse
977 499 1132 532 senex.
1417 489 1486 534 30

130 546 267 594 Fata
287 554 617 609 repugnarunt:
656 564 773 608 quae,
796 546 901 595 cum
923 550 1032 595 mihi
1054 556 1256 612 tempora
1273 551 1444 613 prima,

212 610 384 659 Moffla
403 613 687 674 praebuerint,
708 615 959 675 posteriora
976 622 1183 676 gravant.

136 675 361 737 Jamque,
386 678 539 744 decem
561 675 715 725 lustris
737 679 860 725 omni
883 680 980 727 sine
1000 679 1098 727 labe
1118 680 1323 743 peractis,

212 740 357 788 Parte
377 757 557 803 premor
578 743 686 790 vitae
707 742 927 791 deteriore
947 758 1077 791 meae.

140 800 256 854 Nec
277 807 437 869 procul
457 804 484 853 ὲ
500 808 646 863 metis,
667 821 778 869 quas
792 806 911 871 pene
933 816 1086 856 tenere
1106 809 1301 866 videbar,

218 869 465 920 Curriculo
479 873 634 934 gravis
654 880 725 921 est
740 873 864 922 faeta
885 875 1014 922 ruina
1027 889 1146 923 meo.

142 935 288 998 Ergo
308 936 438 983 illum
455 938 639 985 demens
659 939 706 985 in
729 954 803 986 me
825 940 987 987 saevire
1006 941 1152 1002 coegi,

214 1001 387 1048 Mitius
402 1004 649 1051 immensus
670 1019 761 1065 quo
783 1005 894 1051 nihil
914 1006 1034 1053 orbis
1054 1006 1189 1053 habet
1198 1003 1228 1050 2.

141 1064 350 1130 Ipsaque
371 1068 544 1115 delictis
563 1071 684 1116 victa
703 1076 774 1128 est
788 1069 1029 1119 clementia
1047 1070 1240 1119 nostrisa

108 1175 119 1180 -
217 1130 329 1178 Nec
350 1139 502 1180 tamen
522 1135 662 1180 errori
684 1135 777 1181 vita
798 1144 964 1198 negata
984 1135 1125 1183 meo?
1424 1138 1492 1181 40

143 1195 267 1244 Vita
286 1197 446 1258 procul
464 1198 607 1261 patria
626 1201 882 1262 peragenda
897 1200 980 1248 sub
1001 1215 1087 1248 axe
1108 1199 1274 1257 Boreo,

219 1260 333 1315 Qua
351 1263 489 1308 maris
509 1261 681 1309 Euxini
702 1271 822 1310 terra
840 1266 1021 1310 sinistra
1029 1266 1169 1327 Jacet.

143 1326 265 1374 Hoc
288 1326 399 1372 mihi
415 1327 451 1373 si
475 1326 659 1388 Delphi,
682 1326 972 1387 Dodonaque
986 1328 1154 1378 diceret
1173 1329 1299 1390 ipsa;

218 1390 345 1439 Esse
366 1392 622 1438 viderentur
642 1407 786 1439 vanus
808 1399 997 1454 uterque
1015 1391 1157 1440 locus.

146 1456 241 1505 Nil
263 1453 377 1504 aded
392 1456 587 1504 validum
611 1464 692 1513 est,
710 1457 890 1506 adamas
910 1453 1021 1504 licet
1041 1457 1209 1520 adliget
1227 1456 1352 1514 illud,
1421 1469 1430 1478 ·

222 1521 298 1570 Ut
318 1529 495 1569 maneat
517 1522 668 1584 rapido
684 1522 855 1570 firmius
875 1524 985 1587 igne
1005 1520 1152 1571 Jovis.
1429 1548 1438 1558 ·

149 1587 243 1635 Nil
263 1587 332 1633 ita
353 1587 539 1634 sublime
559 1594 642 1643 est,
667 1603 886 1651 supraque
908 1588 1105 1651 pericula
1124 1587 1283 1643 tendit,

223 1650 338 1698 Non
362 1653 421 1698 sit
437 1659 489 1699 ut
510 1652 697 1700 inferius
719 1655 1087 1716 suppositumque
1108 1652 1232 1700 Deo·

140 1716 289 1772 ‚Nam
311 1732 577 1778 quamquam
599 1718 710 1765 vitio
732 1733 835 1781 pars
856 1728 928 1766 est
947 1727 1177 1767 contracta
1196 1717 1430 1772 malorum,

224 1781 340 1828 Plus
361 1789 512 1828 tamen
534 1783 658 1829 exitIi
681 1784 877 1831 numinis
897 1782 965 1831 ira
986 1785 1121 1832 dedit.
1426 1783 1493 1828 50

155 1847 231 1898 At
252 1861 336 1892 vos
358 1846 571 1895 admoniti
594 1849 760 1896 nostris
775 1865 957 1911 quoque
977 1851 1151 1903 casibus
1171 1855 1282 1904 este,

226 1911 505 1972 AEquantem
531 1913 727 1976 Superos
749 1916 994 1962 emeruisse
1014 1916 1177 1965 virum,

632 2107 909 2161 ,ELEmA
943 2108 1037 2157 1x.
1105 2168 1110 2173 ,

162 2239 224 2287 δι
242 2239 364 2294 licet,
386 2246 435 2286 et
453 2239 633 2301 pateris,
658 2254 824 2286 nomen
844 2238 1106 2300 facinusque
1127 2237 1297 2295 tacebo,
1352 2252 1357 2257 ·

232 2302 299 2351 Et
321 2309 400 2350 tua
420 2303 625 2355 Lethaeis
647 2312 747 2351 acta
768 2304 988 2350 dabuntur
1011 2303 1135 2364 aquis
1154 2321 1165 2349 t

166 2367 432 2430 Nostraque
451 2368 658 2417 vincetur
678 2368 875 2416 lacrimis
897 2369 1137 2415 clementia
1157 2368 1283 2414 seris.

234 2431 329 2480 Fac
351 2430 488 2480 modo
503 2441 550 2481 te
568 2441 720 2497 pateat
737 2434 1004 2496 poenituisse
1024 2433 1105 2480 tui.

170 2498 266 2557 Fac
286 2494 423 2546 modd
443 2506 490 2546 te
512 2499 711 2554 damnes,
735 2498 975 2560 cupiasque
996 2497 1178 2544 eradere
1199 2496 1308 2542 vitae

235 2560 476 2625 Tempora,
501 2564 540 2611 si
559 2565 720 2627 possis,
742 2561 1037 2625 Tisiphonaea
1058 2569 1163 2609 tuae.

176 2628 257 2681 Sin
279 2625 441 2685 minus,
465 2637 512 2677 et
532 2628 728 2693 flagrant
750 2629 853 2675 odio
874 2635 955 2675 tua
974 2635 1160 2690 pectora
1178 2632 1364 2682 nostr-03

243 2690 408 2747 Induet
423 2692 584 2743 infelix
604 2709 730 2743 arma
749 2700 907 2742 coacta
929 2693 1073 2743 dolor.
