1842 2966
346 179 661 231 EPISTOL.
692 180 792 231 EX
825 180 1058 231 PONTO
1091 180 1200 230 Ln.
1217 177 1307 229 IV.
1331 187 1379 231 6.
1439 185 1540 229 319

154 311 291 362 Jam
320 313 468 365 timeo
490 320 691 362 nostram
713 315 920 375 cuiquam
944 314 1156 360 mandare
1178 314 1368 362 salutem
1386 330 1399 361 ι

237 376 419 439 Ipsum
441 386 588 426 morte
609 378 688 427 tufi
708 380 904 426 concidit
924 378 1154 425 auxilium.
1420 425 1427 432 ,

157 440 414 505 Coeperat
436 447 680 505 Augustus
699 446 900 507 deceptae
920 446 1159 505 ignoscere
1178 444 1352 505 culpae;

239 508 395 569 Spem
420 511 632 565 nostram,
655 519 797 556 terras
819 511 1104 570 deseruitque
1124 508 1273 555 simul.

155 572 339 626 Quale
362 581 517 621 tamen
538 577 665 636 potui
687 576 743 621 de
763 575 927 629 coelite,
953 573 1111 628 Brute,
1132 572 1305 620 recenti

234 636 423 686 Vestra
440 640 598 701 procul
619 642 792 702 positus
814 655 994 687 carmen
1016 640 1063 685 in
1086 655 1166 702 ora
1187 637 1301 685 dedi.

164 702 308 757 Quae
330 706 477 765 prosit
498 706 833 765 pietas'utinam
856 703 993 760 mihi;
1031 704 1179 764 sitque
1196 703 1420 749 malorum
1519 739 1524 747 ,

237 766 278 815 J
277 783 357 813 am
382 770 559 824 modus,
580 777 627 816 et
649 786 789 817 sacrae
810 771 962 828 mitior
984 771 1050 816 ira
1071 767 1263 816 domsss!
1460 770 1528 815 20

151 823 245 879 ‘Te
269 848 459 894 quoque
476 835 611 890 idem,
633 832 802 895 liquido
820 850 1006 896 possum
1017 836 1186 897 jurare,
1207 832 1393 896 precari,

239 896 288 944 Ο
313 898 426 944 mihi
448 914 541 946 non
564 899 696 947 dubia
717 901 900 962 cognite
921 899 1069 948 Brute
1090 897 1213 947 nota.
1331 921 1339 926 ·

164 961 307 1012 Nam
332 960 438 1009 cum
459 965 721 1025 praestiteris
742 980 901 1012 verum
924 966 1034 1025 mihi
1057 980 1234 1027 semper
1255 977 1453 1012 amorem
1471 978 1487 1016 ξ
1514 995 1519 999 ·

242 1026 347 1074 Hic
368 1036 521 1076 tamen
542 1030 730 1077 adverso
752 1038 956 1092 tempore
976 1030 1119 1078 crevit
1138 1045 1280 1077 amor.

168 1092 369 1153 Quique
389 1100 488 1141 tuas
508 1096 674 1156 pariter
695 1095 902 1142 lacrimas
924 1103 1190 1157 nostrasque
1210 1095 1397 1149 videret,

241 1156 469 1205 Passuros
489 1173 672 1221 poenam
691 1160 895 1206 crederet
914 1175 1016 1206 esse
1038 1160 1164 1208 duos.

171 1222 359 1270 Lenem
382 1231 428 1270 te
449 1225 624 1272 miseris
644 1225 804 1286 genuit
826 1222 1019 1275 Natura,
1043 1238 1127 1269 nec
1148 1225 1228 1271 ulii

240 1287 410 1335 Mitius
428 1290 677 1351 ingenium,
701 1286 835 1350 quam
859 1289 952 1343 tibi,
977 1287 1136 1341 Brute,
1161 1285 1283 1335 dedit
1299 1307 1313 1336 ς

172 1352 249 1401 Ut
270 1354 361 1414 qui,
384 1355 492 1414 quid
512 1356 675 1410 valeas,
697 1355 740 1415 ig
764 1360 890 1408 xoret,
914 1352 1071 1400 Marte
1089 1352 1274 1409 forensi,

244 1415 390 1465 Posse
413 1427 490 1466 tuo
511 1421 666 1481 peragi
687 1421 767 1465 vix
787 1425 916 1481 putet
939 1434 1017 1465 ore
1039 1433 1154 1465 reos.
1449 1419 1519 1462 30

173 1483 361 1534 scilicet
380 1485 580 1548 ejusdem
602 1493 685 1541 est,
706 1486 911 1547 quamvis
931 1499 1136 1547 pugnare
1155 1482 1347 1538 videtur,

231 1548 524 1613 vsupplicib'us
543 1551 734 1606 facilem,
758 1551 961 1597 sontibus
982 1565 1082 1597 esse
1103 1556 1294 1607 trucem.

181 1612 303 1665 Cum
324 1617 402 1662 tibi
424 1623 631 1678 suscepta
650 1623 722 1662 est
739 1616 857 1678 legis
879 1615 1076 1662 vindicta
1096 1628 1300 1672 severae5

243 1678 394 1728 Verba
414 1681 540 1728 velut
558 1682 749 1728 tinctum
772 1682 953 1743 singula
970 1681 1096 1726 virus
1118 1680 1298 1726 habent.

178 1744 403 1793 Hostibus
423 1747 615 1802 eveniat,
637 1744 769 1807 quarn
794 1745 1103 1793 sisviolentus‘
1120 1746 1170 1791 in
1191 1744 1328 1792 armis

248 1811 433 1867 Sentire,
457 1818 504 1858 et
522 1812 696 1873 linguae
716 1811 808 1858 tela
828 1812 977 1857 subire
997 1817 1105 1857 tuae.

183 1875 304 1931 Qnae
323 1876 400 1922 tibi
421 1884 512 1923 tam
534 1877 660 1923 tenui
683 1875 791 1923 cura
808 1877 1035 1930 limantur,
1060 1882 1110 1921 ut
1131 1889 1292 1921 omnes

245 1938 378 1988 Istius
398 1942 630 2003 ingenium
653 1942 851 2003 corporis
874 1955 974 1987 esse
995 1948 1179 2002 negent.

186 2008 253 2053 At
272 2008 457 2067 siquem
476 2007 582 2053 laedi
605 2005 809 2054 Fortuna
828 2006 976 2052 cernis
996 2004 1161 2065 iniqua,
1498 2036 1505 2041 -

245 2071 428 2119 Mollior
446 2079 517 2118 est
537 2072 688 2118 animo
706 2070 876 2118 femina
895 2070 1020 2117 nulla
1039 2077 1135 2116 tuo.
1444 2076 1512 2120 40

187 2135 292 2184 Hoc
311 2152 395 2199 ego
413 2132 644 2199 praecipue
665 2138 800 2192 sensi,
822 2134 926 2183 cum
948 2149 1116 2197 magna
1134 2149 1343 2182 meorum

248 2200 461 2249 Notitiam
482 2216 587 2263 pars
608 2210 680 2249 est
698 2202 893 2249 inficiata
914 2202 1018 2248 mei.

189 2265 419 2314 Immemor
438 2267 632 2321 illorum,
655 2268 795 2313 vestri
817 2282 908 2313 non
931 2268 1169 2314 immemor
1191 2281 1420 2327 umquam,

251 2331 337 2386 Qui
357 2332 471 2378 mala
492 2331 669 2379 solliciti
690 2339 847 2378 nostra
865 2331 1063 2387 levastis,
1087 2348 1179 2378 ero.
1344 2388 1348 2394 ι

189 2395 251 2445 Et
267 2394 379 2458 prius
403 2398 514 2460 (heu
536 2397 665 2443 nobis
686 2395 871 2443 nimium
895 2397 1202 2444 conterminus
1219 2395 1258 2458 Ξ)
1284 2394 1404 2443 Ister

252 2460 305 2507 In
324 2468 451 2522 caput
472 2461 657 2508 Euxino
680 2461 737 2507 de
757 2477 882 2509 mare
902 2469 1050 2508 vertet
1071 2463 1185 2508 iter:

192 2527 333 2587 thue
350 2523 592 2587 'Pnyesteae
615 2526 799 2572 redeant
820 2527 858 2572 si
880 2534 1083 2589 tempora
1103 2542 1287 2583 mensae,

252 2591 357 2638 Solis
376 2591 433 2638 sd
452 2590 579 2639 ans
599 2605 758 2639 currus
777 2597 941 2653 agetur
962 2607 1099 2653 aquas
1115 2610 1127 2639 z

196 2654 331 2711 Quam
348 2656 578 2718 quisquam
597 2655 816 2712 vestrum,
839 2657 916 2718 qui
938 2671 1013 2703 me
1034 2657 1239 2707 doluistis
1261 2657 1504 2710 ademtum'.

250 2721 412 2784 Arguat
429 2721 657 2785 ingl-utum
679 2736 771 2770 non
792 2721 1052 2771 meminisse
1073 2723 1156 2770 sui.
1441 2726 1505 2770 ⁵0
