1842 2966
494 129 841 183 TRISTIUM
872 130 978 181 Lu.
1003 128 1093 180 IV.
1113 136 1164 184 5.
1225 155 1250 168 Χ
1364 183 1368 187 ,
1400 132 1498 181 205

145 261 275 311 Nou
298 262 502 325 equidem
523 263 689 318 dubito,
713 264 822 325 quin
843 264 943 310 haec
965 271 1012 310 et
1032 271 1179 312 cetera
1201 261 1334 323 fiant3

223 327 413 390 Detque
435 327 539 375 tuus
561 330 673 375 casti
695 330 826 390 signa
847 329 1013 375 doloris
1035 344 1185 376 amor:

142 393 264 441 ‘Nec
288 394 485 440 cruciere
504 392 666 449 minus,
689 390 822 454 quam
846 391 950 440 cum
972 392 1191 441 Thebana
1210 400 1446 442 cruentum

225 457 434 510 Hectora
454 457 716 506 Thessalico
736 459 849 505 vidit
869 459 926 505 ab
947 473 1033 506 axe
1053 460 1162 520 rapi.
1429 462 1499 505 30

150 523 289 579 Quid
309 530 460 570 tamen
481 524 577 586 ipse
597 539 753 585 precer
772 523 952 571 dubito:
991 540 1074 571 nec
1097 526 1244 571 dicere
1264 539 1460 587 possum,

221 588 471 635 Adfectum
490 604 625 650 quem
647 595 694 635 te
715 589 879 634 mentis
898 590 1062 637 habere
1081 590 1231 637 velim.

150 653 328 700 Tristis
349 668 400 700 es
414 652 438 697 'a'
468 654 693 716 indignor,
716 650 837 715 qudd
858 667 960 699 sum
983 653 1062 699 tibi
1084 669 1241 701 caussa
1260 653 1455 701 dolorist

223 717 340 765 Non
361 718 446 764 es?
480 730 531 765 ut
551 719 718 766 amisso
739 719 933 780 conjuge
955 719 1092 780 digna
1111 717 1246 767 soree.

148 782 232 831 Tu
255 780 367 829 ver&
388 789 467 830 tua
488 782 652 831 damna
672 783 787 837 dole,
810 784 1046 830 mitissima
1066 785 1235 846 conjux
1252 800 1269 841 3

225 846 431 910 Tempus
452 854 499 895 et
519 846 548 895 ὲ
568 850 735 895 nostris
757 849 889 911 exige
911 850 1040 896 triste
1061 850 1220 896 malist

155 912 336 974 Fleque
356 927 485 959 meos
503 928 648 961 casus.
695 912 791 960 Est«
805 913 1010 974 quaedam
1032 913 1144 962 flere
1165 914 1386 978 voluptas.

225 977 455 1039 Expletur
473 977 670 1025 lacrimis
689 979 976 1041 egeriturque
996 980 1138 1028 dolor.

158 1043 321 1104 Atque
344 1042 514 1090 utinam
534 1042 733 1105 lugenda
753 1044 831 1089 tibi
853 1058 945 1090 non
967 1045 1075 1100 vita,
1100 1045 1179 1092 sed
1199 1049 1323 1094 esset

227 1107 367 1155 Mors
389 1122 522 1166 mea;
554 1115 702 1156 morte
720 1107 842 1155 fores
863 1109 959 1155 sola
978 1110 1133 1157 relicta
1153 1109 1275 1160 mea!
1435 1111 1503 1155 40

159 1173 362 1238 Spiritus
383 1173 455 1219 hic
474 1188 556 1236 per
577 1180 623 1220 te
642 1174 809 1236 patrias
830 1173 997 1221 exisset
1012 1175 1058 1219 in
1081 1190 1211 1222 auras
1230 1175 1241 1223 ἱ

231 1238 515 1301 sparsissent
532 1238 732 1286 lacrimae
752 1246 934 1301 pectora
955 1245 1109 1286 nostra
1129 1239 1242 1300 piae!

159 1303 479 1365 supremoque
500 1304 572 1351 die
592 1310 752 1351 notum
775 1303 1024 1364 spectantia
1043 1303 1209 1349 coelum

229 1367 482 1415 Texissent
501 1368 630 1430 digiti
650 1368 821 1415 lumina
841 1373 996 1413 nostra
1017 1366 1111 1416 tui!
1207 1401 1218 1408 ‚

54 1494 75 1500 -
160 1434 235 1483 Et
256 1433 374 1480 cinis
393 1433 441 1480 in
465 1434 638 1481 tumulo
657 1434 830 1496 positus
842 1432 1062 1494 ,iacuisset
1083 1430 1235 1479 avito!

229 1498 467 1559 Tactaque
487 1500 690 1546 nascenti
711 1513 873 1559 corpus
894 1498 1077 1544 haberet
1098 1495 1288 1544 humus!

157 1564 386 1624 Denique
407 1570 466 1619 et,
490 1570 542 1610 ut
562 1564 672 1619 vixi,
694 1564 791 1611 sine
812 1562 999 1609 crimine
1019 1570 1224 1610 mortuus
1245 1576 1390 1611 essem
1409 1559 1421 1610 !

232 1628 378 1675 Nunc
400 1643 501 1675 mea
521 1629 736 1692 supplicio
756 1629 852 1676 vita
870 1627 1081 1690 pudenda
1101 1643 1183 1674 suo
1200 1633 1284 1673 est.

163 1694 259 1743 Me
280 1694 509 1750 miserum,
535 1695 573 1740 si
594 1701 657 1750 tu,
683 1690 786 1741 cum
809 1693 969 1740 diceris
989 1693 1158 1740 exsulis
1179 1707 1306 1748 uxor,

236 1758 427 1806 Avertis
448 1758 614 1815 vultus,
637 1766 686 1806 et
707 1760 825 1807 subit
848 1773 928 1806 ora
949 1757 1110 1806 rubor!
1444 1758 1511 1804 50

164 1824 260 1874 Me
282 1824 510 1880 miserum,
534 1825 572 1871 si
595 1831 726 1886 turpe
744 1831 877 1886 putas
897 1824 1007 1869 mihi
1029 1830 1167 1886 nupta
1187 1821 1354 1871 videri!

238 1889 329 1936 Me
350 1890 576 1944 miserum,
601 1891 639 1937 si
660 1891 817 1951 teJam
838 1888 978 1952 pudet
999 1903 1098 1935 esse
1118 1886 1295 1935 meam!

165 1954 381 2016 Tempus
402 1954 478 2002 ubi
498 1962 570 2007 ¹est
587 1954 712 2009 illud,
735 1970 825 2016 quo
846 1962 894 2001 te
905 1954 1079 2016 jactare
1099 1953 1271 1999 solebas

240 2017 469 2082 conjuge,
493 2033 576 2066 nec
597 2033 764 2067 nomen
785 2018 1066 2066 dissimulare
1084 2019 1170 2067 viri
1183 2017 1207 2062 ἰ’

167 2084 383 2146 Tempus
403 2085 477 2131 ubi
500 2092 582 2142 est,
605 2100 695 2146 quo
716 2090 763 2131 te
786 2085 893 2149 (nisi
917 2084 956 2130 si
975 2083 1098 2145 fugis
1118 2083 1194 2130 illa
1214 2079 1403 2143 referre)

241 2149 313 2197 Et
334 2150 425 2205 dici*
442 2151 641 2213 memini,
654 2151 778 2213 Juvit
796 2158 844 2196 et
865 2163 968 2196 esse
986 2163 1132 2196 meam
1147 2148 1171 2193 i>

173 2215 342 2276 thue
361 2214 515 2276 probae
537 2214 726 2277 dignum
747 2222 832 2270 est,
855 2214 980 2260 omni
1002 2215 1081 2260 tibi
1103 2214 1207 2261 dote
1225 2213 1476 2277 placebame

241 2279 456 2325 Addebat
475 2280 594 2343 veris
615 2280 759 2326 multa
775 2279 970 2328 faventis
991 2293 1130 2326 amor.
1261 2332 1265 2336 ¹
1371 2286 1374 2289 ’

173 2344 286 2392 Nec
307 2359 443 2404 quem
464 2344 712 2407 praeferres,
736 2345 822 2408 (ita
843 2359 914 2391 res
936 2344 1015 2390 tibi
1035 2357 1203 2405 magna
1222 2339 1424 2402 videbar)

247 2409 462 2463 Quemve
482 2420 612 2458 tuum
633 2410 789 2457 malles
809 2424 923 2464 esse,
946 2409 1015 2455 vir
1035 2409 1148 2454 alter
1167 2413 1276 2453 erat.
1453 2409 1521 2456 60

174 2474 323 2524 Nunc
336 2490 519 2536 quoque
534 2491 593 2522 ne
605 2476 782 2538 pudeat,
805 2471 926 2535 qued
939 2474 1000 2520 sis
1015 2473 1124 2519 mihi
1141 2478 1297 2533 nupta:
1326 2478 1518 2532 tuusque

250 2538 365 2586 Non
387 2539 515 2587 dolor
537 2541 641 2588 hinc
662 2540 804 2594 debet,
827 2539 961 2585 debet
981 2538 1134 2584 abesse
1154 2537 1308 2599 pudor.

179 2603 308 2655 cum
331 2606 495 2653 cecidit
515 2605 755 2669 Capaneus
777 2604 924 2650 subito
944 2603 1206 2649 temerarius
1228 2602 1318 2648 ictu
1336 2616 1351 2656 ;

168 2696 177 2701 —
247 2669 379 2717 Num
400 2670 519 2735 legis
539 2671 764 2725 Euadnen
784 2667 1015 2718 erubuisse
1035 2665 1168 2714 viro?

177 2750 289 2785 vot..
307 2748 386 2783 m.
1102 2745 1133 2777 m
