1842 2966
267 331 279 341 ο

256 390 282 411 ⁸

321 184 391 230 80
643 177 702 229 P.
726 171 970 227 ‘ovmn
1001 173 1312 228 NASONIS

321 312 462 359 Hanc
482 310 623 366 videt,
643 316 691 358 et
710 311 856 358 visam
876 314 1064 374 patruus
1083 308 1303 358 velociter
1320 307 1512 370 αἰκίαις

615 391 645 423 e
661 377 869 424 caeruleis
882 377 937 423 'in
958 391 1041 423 stra
1059 382 1211 437 portat
1231 375 1373 437 equis.

317 441 407 490 Illa
428 442 610 505 quidem
631 442 864 498 clamabat,
886 440 958 497 13,
981 441 1209 488 carissima
1227 448 1389 496 mater,

310 530 312 535 >
383 507 608 566 Auferor3
632 509 730 570 ipsa
753 523 859 554 suos
880 507 1217 568 abscideratque
1238 506 1379 560 sinus,

318 573 540 621 Panditur
558 575 732 621 interea
748 573 852 620 Diti
872 573 973 619 via:
994 573 1182 635 jamque
1202 572 1415 618 diurnum

384 638 565 687 Lumen
587 639 809 686 inadsueti
830 638 911 685 vix
925 639 1161 699 'patiuntur
1182 637 1301 698 equi.
1583 639 1690 684 450

317 707 388 752 At
409 707 572 753 chorus
596 705 795 765 aequalis,
816 703 1057 750 cumulatis
1076 701 1192 749 flore
1213 701 1438 760 canistris,

389 769 688 833 Persephone,
711 769 923 823 clamant,
947 768 1006 814 ad
1026 775 1106 814 tua
1126 769 1246 815 dona
1259 768 1382 814 veni.

321 835 392 885 Ut
413 837 606 883 clamata
627 834 743 888 silet,
766 840 949 879 montes
969 833 1210 879 ululatibus
1226 833 1449 894 implent;

381 901 450 948 Et
469 901 638 946 feriunt
658 906 838 945 moestae
857 905 1042 960 pectora
1063 898 1186 946 nuda
1204 913 1381 946 manus.

317 966 531 1015 Attonita
548 971 618 1011 est
631 964 852 1026 plangore
870 962 1013 1012 Ceres
1027 980 1044 1021 3
1057 961 1195 1010 modo
1207 968 1395 1011 venerat
1409 961 1670 1016 Hermann

382 1030 486 1076 Nee
507 1045 649 1085 mora,
672 1028 759 1075 Me
779 1030 1004 1085 miseram,
1025 1028 1130 1085 filia,
1155 1030 1284 1083 dixit,
1304 1029 1379 1075 ubi
1404 1028 1496 1077 es?

320 1096 499 1144 Mentis
521 1094 655 1156 inops
671 1095 865 1156 rapitur:
894 1095 1049 1155 quales
1069 1095 1225 1141 audire
1246 1094 1447 1142 solemus

324 1204 327 1207 .
381 1159 616 1209 Threicias
636 1159 749 1206 fusis
772 1159 1016 1207 Maenadas
1035 1160 1101 1206 ire
1123 1160 1281 1206 comis.

319 1225 391 1273 Ut
411 1224 555 1280 yitulo
576 1225 726 1286 mugit
747 1241 830 1272 sua
849 1233 997 1272 mater
1017 1226 1073 1272 ab
1094 1226 1231 1272 ubere
1253 1230 1397 1287 rapto,

379 1290 447 1338 Et
467 1291 629 1353 quaerit
647 1290 791 1338 foetus
808 1306 891 1355 per
911 1305 1075 1337 nemus
1096 1288 1233 1338 omne
1255 1305 1394 1349 suos;
1445 1352 1446 1355 Ἴ
1571 1294 1670 1342 460

315 1357 393 1405 Sic
417 1355 553 1403 Deaz.
574 1372 658 1404 nee
680 1357 845 1403 retinet
863 1357 1076 1419 gemitus,
1101 1361 1148 1402 et
1169 1356 1351 1403 concita
1371 1370 1510 1403 cursu

380 1421 574 1479 Fertur3
598 1428 645 1470 et
667 1418 697 1469 ὲ
717 1422 886 1486 eampis
906 1421 1078 1485 incipit,
1104 1419 1289 1478 Henna,
1313 1421 1421 1468 tuis.

312 1485 431 1537 Inde
450 1489 662 1550 puellaris
682 1496 816 1536 nacta
835 1494 906 1536 est
926 1487 1122 1550 vestigia
1139 1487 1322 1550 plantae,

379 1554 446 1601 Et
466 1569 666 1617 pressam
690 1562 800 1601 noto
821 1555 1022 1616 pondere
1042 1553 1156 1600 vidit
1170 1554 1376 1600 hamum.

314 1617 528 1668 Forsitan
547 1620 628 1666 illa
648 1620 744 1668 dies
765 1620 904 1666 errori
928 1633 1106 1665 summa
1125 1616 1300 1674 fuisset,

381 1685 539 1732 Sinon
563 1682 819 1731 turbassent
839 1684 973 1744 signa
988 1689 1166 1744 reperta
1187 1698 1307 1731 sues.

313 1749 510 1810 Jamque
527 1745 781 1795 Iaeontinos
802 1747 1134 1809 Amenanaque
1155 1746 1344 1797 flumina
1358 1763 1493 1796 cursu

379 1809 604 1868 Praeterit,
627 1822 674 1861 et
696 1813 827 1876 ripas,
850 1812 1045 1860 herbifer
1068 1813 1169 1870 Aci,
1187 1821 1312 1861 tuas:

311 1879 526 1929 Praeterit
546 1887 592 1926 et
617 1877 823 1940 Cyanen,
847 1887 894 1927 et
914 1878 1088 1926 fontem
1109 1879 1226 1926 lenis
1247 1878 1412 1943 Anapi,

379 1944 447 1993 Et
469 1952 528 2000 te,
551 1941 796 1992 vorticibus
818 1960 910 1992 non
934 1945 1135 1993 adeunde
1160 1945 1294 1993 Gela.
1548 1948 1645 1994 470

314 2009 534 2073 Liquet-at
556 2011 795 2073 Ortygien,
820 2010 1141 2073 Megareaque,
1168 2009 1523 2073 Pantagienque,

379 2074 574 2137 Quaque
597 2076 849 2123 Simetheas
869 2077 1033 2137 accipit
1055 2091 1210 2140 aequor
1231 2091 1383 2137 aquas,

227 2209 235 2214 ξ
313 2139 550 2203 Antraque
574 2139 844 2204 Cyclopum,
865 2142 1025 2203 positis
1042 2149 1204 2189 exusta
1223 2140 1425 2196 caminis,

379 2206 563 2267 Quique
582 2206 711 2256 locus
731 2222 885 2254 curvae
901 2207 1085 2254 nomina
1103 2206 1234 2254 falcis
1253 2208 1415 2254 habet:

312 2270 606 2331 Himeraque,
647 2280 695 2319 et
716 2270 963 2333 Didymen,
995 2272 1358 2335 Acragantaque,
1397 2269 1634 2320 Taurome-

378 2336 710 2397 Sacrorumque
732 2337 891 2385 Melan
911 2352 1081 2399 pascua
1100 2338 1207 2385 laeta
1224 2339 1378 2385 bourn.
1419 2333 1632 2400 [nonque3

312 2400 441 2449 Hinc
459 2399 730 2450 Camerinan
747 2403 856 2460 adit,
880 2402 1188 2465 Thapsonque
1203 2409 1251 2449 et
1264 2401 1457 2450 Heloria
1471 2407 1630 2466 tempe;

376 2465 571 2529 Quaque
590 2474 714 2530 patet
736 2467 947 2531 Zephyro
965 2483 1142 2531 semper
1160 2475 1340 2531 apertus
1361 2466 1504 2527 Eryx.

308 2530 504 2593 Jamque
521 2532 800 2590 Peloriaden,
825 2533 1114 2596 Lilybeaque,
1128 2535 1316 2597 jamque
1332 2527 1569 2594 Pachynon

376 2595 627 2653 Lustraran
648 2606 784 2647 terrae
806 2615 976 2647 cornua
995 2600 1114 2646 trina
1135 2614 1244 2646 suae.
1541 2600 1631 2647 480

312 2659 613 2726 Quacumque
632 2664 899 2728 ingreditur,
920 2666 1100 2713 miseris
1118 2665 1221 2711 loca
1237 2668 1403 2710 cuneta
1422 2662 1604 2725 querelis

376 2725 572 2792 Implet:
599 2732 877 2781 utamissum
898 2728 1003 2779 eum
1024 2729 1283 2795 genitales
1304 2726 1432 2790 Ityn.
1541 2759 1554 2765 —
