1842 2966
509 127 890 179 FASTORUM
926 127 1035 180 Lu.
1057 126 1159 178 111.
1236 90 1242 103 ‘
1441 133 1500 178 σι

141 258 394 322 Donaque
413 257 519 308 cum
541 261 693 309 videat
712 267 879 324 praeter
900 275 984 308 sua
1001 260 1175 309 lumina
1193 259 1303 308 ferri
1321 288 1328 295 ·

162 344 169 347 *
216 325 381 374 Multa
400 325 579 389 palium
611 328 731 375 mitti
753 323 871 374 clam
893 341 1074 388 quoque
1093 326 1237 374 multa
1255 333 1401 389 putat.

132 384 270 439 Non
293 398 450 440 tamen
465 399 692 448 exactum,
715 392 822 454 quid
840 399 962 455 agat.
997 390 1236 440 Fufialiter
1257 393 1353 440 odit
1365 409 1382 451 ς

221 455 294 504 Et
315 464 444 520 parat
464 458 659 513 insidias,
684 466 731 505 et
752 459 876 519 cupit
898 457 995 504 ulta
1014 458 1143 505 mori.

144 520 276 569 Nox
299 529 425 569 erat=
463 529 570 571 ante
590 530 739 569 torum
760 525 861 570 visa
880 530 952 569 est
973 522 1151 570 adstare
1171 523 1352 578 sororis,

224 587 465 650 Sqmlenti
486 586 613 635 Dido
635 588 983 651 sanguinolenta
1004 586 1160 645 com&
1408 591 1508 635 640

149 650 240 707 Ei,
267 651 418 716 Fuge,
441 668 501 700 ne
521 653 685 709 dubita,
709 660 940 709 moestum,
961 652 1086 715 fuge,
1111 653 1273 708 dicere,
1297 659 1484 700 tectum.

225 717 328 765 Sub
346 719 535 766 verbum
556 718 765 780 querulas
785 719 965 780 impulit
984 732 1094 765 aura
1112 717 1250 765 fores.

149 781 368 842 Exsilit3
403 795 453 830 et
473 783 609 832 velox
630 784 787 830 humili
809 798 943 846 super
964 798 1073 830 arva
1093 780 1293 832 fenestra

226 847 294 895 Se
304 848 434 911 jacit.
467 849 703 905 Audacem
722 848 893 896 fecerat
912 849 1181 911 ipsetimor.

155 910 364 975 Quaque
383 920 512 961 metu
532 915 714 976 rapitur,
738 913 1063 962 tunica'velata
1082 912 1295 971 recincta,

231 977 404 1034 Currit,
427 986 481 1026 ut
499 979 664 1027 auditis
684 981 839 1027 territa
858 980 992 1026 dama
1009 979 1142 1042 lupis.

159 1041 399 1107 Corniger
417 1045 534 1092 hanc
556 1044 728 1107 cupidis
747 1047 949 1107 rapuisse
971 1043 1215 1093 Numicius
1235 1044 1368 1092 undis

230 1107 462 1165 Creditur,
485 1116 533 1157 et
554 1111 729 1173 stagnis
752 1110 1004 1157 occuluisse
1025 1111 1132 1159 suis.

167 1174 356 1223 Sidonis
378 1175 551 1224 interea
570 1191 741 1238 magno
763 1176 961 1223 clamore
980 1191 1061 1238 per
1079 1191 1216 1239 agros

231 1239 485 1295 Quaeritur.
517 1241 757 1304 Adparent
778 1242 911 1303 signa
933 1248 1144 1301 notaeque
1164 1242 1344 1304 pedum.
1409 1243 1509 1288 650

162 1304 376 1354 Ventum
398 1312 496 1354 erat
515 1307 574 1354 ad
594 1306 738 1369 ripas:
777 1306 956 1353 inerant
975 1306 1171 1367 vestigia
1191 1307 1314 1369 ripis.

235 1371 467 1418 Sustinuit
484 1372 644 1419 tacitas
665 1372 874 1418 conscius
898 1372 1045 1418 amnis
1066 1386 1219 1432 aquas.

164 1433 279 1501 Ipsa
298 1436 421 1500 loqui
444 1437 544 1485 visa
562 1444 646 1494 est,
670 1436 842 1483 Placidi
867 1451 969 1483 sum
991 1435 1213 1498 Nympha
1234 1434 1450 1482 Numici:

234 1503 394 1550 Amne
413 1518 613 1565 perenne
630 1503 778 1551 latens
800 1501 942 1548 Anna
963 1500 1175 1548 Perenna
1193 1517 1347 1549 vocor.

62 1569 74 1582 ²
172 1566 395 1616 Protinus
416 1570 575 1616 erratis
596 1569 692 1617 laeti
714 1573 962 1615 vescuntur
982 1567 1029 1613 in
1051 1566 1189 1629 agris,

234 1632 303 1681 Et
317 1634 548 1682 celebrant
565 1635 696 1698 largo
718 1647 855 1694 seque
875 1633 1084 1694 diemque
1103 1646 1244 1678 mero.
1345 1628 1506 1696 [numz

173 1698 293 1747 Sunt
314 1699 476 1760 quibus
490 1700 590 1747 haec
609 1698 746 1746 Luna
766 1706 849 1753 est,
872 1698 979 1760 quia
992 1697 1220 1745 mensibus
1235 1697 1418 1760 impleat
1430 1697 1513 1743 an*-

236 1762 356 1812 Pars
376 1763 588 1820 Themin,
611 1762 845 1811 Inachiam
866 1769 970 1827 pa‘rs
989 1770 1119 1826 putat
1139 1777 1241 1810 esse
1259 1763 1439 1810 bovem.

84 1835 91 1842 '
170 1828 403 1885 Invenies,
425 1829 502 1890 qui
526 1837 572 1876 te
592 1828 844 1891 Nymphen
866 1828 1105 1876 Atlantida
1124 1828 1307 1887 dicant;

238 1892 400 1956 Teque
418 1893 530 1943 Jovi
545 1896 728 1956 primos,
752 1895 904 1949 Anna,
928 1894 1105 1941 dedisse
1124 1893 1263 1940 cibos.
1416 1896 1515 1939 660

175 1958 298 2008 Haec
320 1975 513 2022 quoque,
567 1975 671 2006 uam
685 1959 888 2014 referam,
907 1967 1084 2006 nostras
1098 1959 1303 2019 pervenit
1314 1957 1371 2004 ad
1382 1969 1514 2004 aures

244 2024 414 2073 Fama:
454 2040 540 2072 nec
608 2023 718 2072 vera
732 2025 918 2071 dissidet
937 2024 1014 2071 illa
1033 2023 1137 2072 fide.

179 2090 314 2138 Plebs
335 2098 481 2145 vetus,
502 2099 552 2138 et
574 2090 708 2136 nullis
728 2092 975 2137 etiamnum
998 2096 1096 2136 tuta
1116 2087 1345 2144 Tribunis,

245 2154 420 2218 Fugit;
453 2164 501 2203 et
522 2156 569 2203 in
594 2155 720 2203 Sacri
741 2156 911 2203 vertice
934 2155 1103 2203 montis
1124 2154 1230 2202 abit.

178 2220 283 2271 Jam
306 2236 500 2282 quoque,
521 2237 654 2283 quem
676 2237 831 2269 secum
845 2221 1059 2274 tulerant,
1080 2219 1307 2267 defecerat
1326 2218 1430 2267 illos

243 2286 421 2342 Victus,
445 2294 493 2333 et
512 2287 723 2334 humanis
744 2287 895 2333 usibus
918 2291 1022 2348 apta
1045 2282 1202 2334 Ceres.

182 2350 296 2400 Orta
316 2352 580 2399 suburbanis
600 2352 807 2414 quaedam
826 2351 915 2398 fuit
938 2352 1077 2397 Anna
1095 2349 1290 2397 Bovillis

244 2416 436 2479 Pauper,
460 2418 539 2464 sed
559 2418 742 2464 mundae
763 2416 1025 2470 sedulitatis,
1043 2431 1171 2464 anus.

186 2480 282 2536 lna,
305 2482 399 2529 levi
417 2481 551 2529 mitra
572 2498 712 2530 canos
734 2482 939 2529 redimita
959 2481 1158 2543 capillos,

244 2547 470 2610 Fingebat
490 2546 684 2596 tremula
703 2549 871 2595 rustica
890 2548 981 2594 liba
1000 2561 1153 2594 manu.
1419 2545 1519 2590 670

186 2613 336 2675 Atque
357 2613 420 2661 ita
440 2611 521 2677 pei·
541 2613 756 2677 populum
777 2612 1000 2661 fumantia
1017 2608 1153 2659 mane
1175 2609 1352 2658 solebat

242 2678 477 2728 Dividere.
508 2678 633 2729 Haec
652 2679 819 2745 populo
841 2679 971 2744 copia
989 2683 1121 2742 grata
1140 2676 1240 2723 finit.

178 2757 278 2793 vot..
298 2757 372 2794 m.
1090 2755 1124 2790 e
