1842 2966
458 420 465 427 ι
563 468 642 534 P.
694 463 1006 533 ovum
1065 458 1487 533 NASONIS

502 666 1533 751 '‘TRISTIUM

694 877 909 926 LIBER
946 878 1336 929 SECUNDUS.

353 1159 493 1216 Qum
514 1159 626 1206 mihi
645 1161 879 1209 vobiscum
901 1169 985 1218 est,
1006 1159 1166 1208 infelix
1186 1176 1308 1218 cura,
1328 1161 1482 1218 libelli,

419 1225 616 1289 Ingenio
635 1228 747 1289 perii
769 1229 846 1290 qui
867 1228 1006 1274 miser
1026 1227 1124 1288 ipse
1143 1240 1248 1273 meo
1260 1226 1284 1271 ἰ’

352 1290 451 1342 Cur
471 1288 608 1339 modo
631 1293 863 1340 damnatas
885 1299 1053 1355 repeto,
1077 1306 1181 1338 mea
1201 1291 1403 1347 crimina,
1427 1291 1629 1340 Musas?

415 1356 496 1405 An
519 1359 660 1405 semel
681 1366 751 1406 est
770 1373 955 1421 poenam
977 1357 1301 1404 commeruisse
1319 1357 1515 1420 parum?

357 1421 577 1475 Carmina
594 1423 814 1480 fecerunt,
839 1431 892 1470 ut
911 1439 988 1472 me
1009 1437 1294 1486 cognoscere
1309 1423 1486 1470 vellent

419 1489 589 1538 Omine
611 1505 704 1538 non
723 1489 873 1538 fausto
893 1489 1064 1537 femina
1083 1489 1256 1550 virque,
1278 1504 1398 1539 mea·

353 1553 577 1604 Carmina·
591 1556 808 1610 fecerunt,
833 1564 884 1603 ut
903 1571 980 1603 me
1000 1569 1239 1616 moresque
1261 1561 1441 1601 notaret

416 1620 526 1668 Jam
549 1622 731 1667 demum
753 1619 851 1667 visae‘i
874 1619 1033 1670 Caesar
1054 1621 1109 1667 ab
1132 1620 1252 1667 Arte
1273 1635 1418 1667 meos.

348 1684 891 1744 Deme-mihi·studium;
913 1686 1025 1733 vitae
1047 1696 1226 1747 quoque
1247 1686 1438 1732 crimina
1456 1685 1626 1734 demec-

415 1750 674 1813 Acceptum
696 1751 842 1798 refero
864 1752 1081 1806 versibus,
1104 1766 1212 1808 esse
1226 1766 1415 1797 nocens.
1632 1753 1689 1797 10

353 1813 465 1862 Hoc
486 1817 680 1878 pretium
703 1832 826 1863 curae
846 1818 1230 1878 vigilatorumque
1250 1816 1455 1863 laborum

417 1879 650 1944 Cepimus.
694 1880 890 1943 Ingenio
911 1896 1049 1942 poena
1071 1888 1246 1942 reperta
1267 1896 1389 1928 meo.

350 1945 405 1996 Si
428 1962 645 2010 saperem,
669 1948 823 1993 doctas
846 1946 1041 1993 odissem
1056 1948 1162 2008 jure
1179 1961 1371 2002 sorores,

411 2011 618 2060 Numina
632 2011 793 2058 cultori
814 2012 1065 2072 perniciosa
1087 2027 1186 2058 suo·

348 2076 421 2125 At
439 2093 561 2124 nunc
587 2078 736 2140 (tanta
755 2092 860 2124 meo
882 2092 1038 2124 comes
1056 2084 1128 2123 est
1148 2077 1325 2124 insania
1343 2076 1525 2138 morbo)

415 2144 536 2190 Saxa
561 2142 750 2205 (malum
764 2140 801 2201 !)
825 2142 973 2189 refero
994 2157 1148 2189 rursus
1170 2143 1229 2188 ad
1242 2142 1333 2189 icta
1352 2143 1531 2203 pedem.

350 2208 534 2257 Scilicet
555 2214 602 2253 et
623 2207 773 2252 victus
795 2209 957 2268 repetit
976 2208 1201 2270 gladiator
1222 2223 1440 2265 arenam3

347 2293 353 2298 ’
413 2272 480 2319 Et
503 2272 619 2318 redit
639 2273 687 2318 in
709 2273 903 2319 tumidas
925 2272 1144 2335 naufraga
1161 2273 1325 2336 puppis
1344 2287 1499 2333 aquas·

351 2335 579 2391 Forsitan,
605 2343 657 2384 ut
677 2338 903 2399 quondam
926 2337 1227 2385 Teuthrantia
1248 2353 1393 2400 regna
1414 2337 1596 2395 tenenti,

414 2401 491 2447 Sic
506 2402 616 2448 mihi
639 2418 712 2449 res
734 2403 891 2449 eadem
912 2403 1079 2450 vulnus
1102 2419 1325 2467 opemque
1343 2403 1487 2450 feret:
1615 2405 1676 2451 20

335 2464 589 2528 'Musaque
613 2484 748 2529 quam
770 2469 927 2522 movit,
951 2476 1122 2515 motam
1144 2483 1325 2530 quoque
1344 2468 1484 2517 leniet
1502 2469 1635 2516 iramt

390 2530 620 2579 *Exorant
641 2548 834 2595 magnos
854 2535 1055 2581 carmina
1077 2549 1199 2596 saepe
1216 2533 1366 2581 Deos.

341 2593 452 2659 Ipse
473 2613 651 2660 quoque
673 2598 904 2645 Ausonias
937 2597 1096 2646 Caesar
1117 2606 1373 2659 matresque
1396 2613 1618 2662 nurusque

411 2660 628 2712 Carmina
650 2663 887 2726 turrigerae
909 2663 1061 2711 dicere
1072 2664 1213 2728 jussit
1234 2663 1341 2726 Opi.
