1842 2966
300 147 401 192 ³28
651 139 708 190 P.
743 137 980 190 OVIDII
1011 136 1319 189 NASONIS

412 287 495 321 uos
518 279 570 320 tu
592 272 753 327 silices,
776 272 975 334 ecquod,
990 271 1236 327 carissime,
1257 270 1437 319 ferrum

430 338 578 386 uritiae
598 338 792 393 confers,
817 336 1121 391 Albinovane,
1145 335 1301 384 meae?

310 406 460 455 Gutta
479 411 611 452 cavat
624 403 847 466 lapidem3
870 403 1155 449 consumitur
1175 401 1376 449 annulus
1396 416 1493 447 usu
1512 416 1532 458 ς

377 468 444 518 Et
460 469 621 516 teritur
640 466 798 530 pressa
816 483 978 515 vomer
998 468 1201 513 aduncus
1221 467 1380 513 humo.

237 532 244 542 “
308 534 517 597 Tempus
538 534 655 583 edax
676 535 829 597 igitur,
850 538 1019 595 praeter
1041 547 1140 586 nos,
1163 533 1319 579 omnia
1338 529 1549 594 perdet?

379 599 546 651 Cessat
566 598 731 647 duritia
751 614 874 647 mors
895 613 1078 659 quoque
1098 598 1222 644 victa
1240 594 1362 644 mea.

311 666 592 728 Exemplum
615 665 843 713 estfanimi
865 660 1058 710 nimium
1079 663 1294 724 patientis
1319 661 1517 717 Ulixes,

379 731 587 782 Jactatus
608 731 743 778 dubio
763 745 845 793 per
865 730 957 776 duo
978 729 1123 775 lustra
1142 729 1273 775 mari.
1628 728 1689 771 10

315 798 547 861 Tempora
567 796 750 845 solliciti
771 795 851 843 sed
871 809 966 841 non
987 801 1141 841 tamen
1163 793 1320 839 omnia
1337 791 1424 840 fati

384 863 609 921 Pertulit3
634 868 682 909 et
699 860 889 925 placidoe
910 875 1036 922 saepe
1054 858 1183 906 fuere
1202 873 1364 906 morae.

314 930 396 978 An
418 944 561 992 grave
583 942 667 975 sex
687 927 820 974 annis
838 926 1074 988 pulchram
1093 924 1266 972 fovisse
1288 921 1523 986 Calypso,

386 994 727 1055 AEquoreaeque
745 991 833 1038 fuit
854 991 1154 1038 concubuisse
1174 988 1298 1036 Deae
1311 988 1335 1033 Ρ

317 1059 509 1120 Excipit
526 1055 828 1119 Hippotades,
851 1057 929 1118 qui
951 1057 1029 1103 dat
1047 1071 1132 1118 pro
1154 1069 1345 1101 munere
1364 1061 1563 1110 ventos,

387 1122 565 1172 Curvet
586 1130 638 1170 ut
657 1122 878 1186 impulsos
899 1122 1025 1169 utilis
1044 1136 1154 1168 aura
1174 1120 1315 1167 sinus.

319 1189 427 1239 Nec
448 1189 564 1235 bene
584 1194 823 1235 cantantes
842 1188 970 1235 labor
983 1193 1057 1234 est
1077 1186 1255 1233 audisse
1273 1185 1450 1248 puellas
1465 1200 1488 1243 ς

389 1253 495 1302 Nec
516 1253 777 1316 degustanti
792 1254 912 1302 lotos
929 1268 1082 1300 amara
1100 1251 1201 1299 fuit.

325 1319 435 1369 Hos
457 1336 560 1383 egos,
584 1320 663 1380 qui
683 1320 841 1382 patriae
860 1319 1031 1366 faciant
1051 1318 1230 1372 oblivia,
1252 1331 1417 1365 succos

393 1385 534 1435 Parte
550 1400 668 1432 meae
688 1386 811 1440 vitae,
836 1385 874 1431 si
895 1380 1034 1430 modo
1055 1384 1230 1437 dentur,
1248 1397 1417 1430 emam.
1634 1384 1696 1428 m

327 1451 435 1502 Nec
449 1458 499 1503 tu
523 1450 770 1500 contuleris
791 1450 949 1497 urbem
972 1447 1295 1512 Laestrygonis
1316 1460 1552 1510 umquam

397 1518 638 1572 Gentibus,
662 1514 844 1577 obliqua
863 1530 976 1576 quas
998 1516 1093 1563 obit
1116 1512 1236 1562 Ister
1257 1511 1389 1575 aqui.

329 1583 435 1633 Nee
455 1584 612 1630 vincet
631 1596 806 1630 saevum
831 1579 1033 1644 Cyclops
1052 1580 1232 1628 feritate
1253 1578 1474 1641 Phyacen
1493 1597 1510 1626 t

399 1647 496 1703 Qui
517 1656 657 1710 quota
677 1647 863 1697 terroris
882 1662 988 1708 pars
1011 1647 1129 1693 solet
1150 1661 1252 1693 esse
1271 1644 1394 1692 mei!

334 1713 492 1776 Scylla
510 1714 619 1760 feris
638 1719 803 1759 trunco
824 1713 948 1772 quod
967 1712 1104 1759 latrat
1123 1711 1181 1757 ab
1201 1710 1393 1772 inguine
1413 1712 1682 1768 monstris3

403 1778 664 1826 Heniochae
685 1779 835 1825 nautis
856 1777 959 1839 plus
980 1791 1178 1824 nocuere
1200 1782 1332 1823 rates.

331 1845 439 1894 Nec
460 1851 592 1907 potes
611 1842 790 1890 infestis
809 1842 1019 1890 conferre
1040 1840 1304 1903 Charybdin
1326 1841 1558 1899 Achaei„

400 1909 498 1958 Ter
518 1906 628 1959 licet
647 1916 836 1971 epotum
853 1915 923 1955 ter
943 1914 1099 1955 vomat
1120 1907 1200 1954 illa
1218 1906 1405 1954 fretum.

338 1977 435 2033 Qui
457 1990 729 2038 quamquam
750 1972 911 2022 dextra
925 1974 1114 2036 regione
1133 1969 1345 2019 licentius
1365 1979 1548 2027 errant,

406 2042 628 2089 Securum
650 2041 769 2087 latus
790 2040 878 2086 hoc
897 2054 993 2086 non
1015 2045 1169 2085 tamen
1190 2053 1291 2085 esse
1312 2038 1488 2087 sinunt.
1639 2040 1706 2086 30

337 2107 436 2156 Hic
459 2107 557 2169 agri
579 2104 825 2159 infrendes,
849 2105 924 2157 hic,
944 2103 1115 2165 spicula
1134 2103 1279 2150 tincta
1297 2102 1494 2150 venenis
1509 2120 1526 2150 ι

407 2171 504 2220 Hic
524 2170 641 2217 freta
661 2169 737 2216 vel
756 2171 896 2230 pediti
915 2168 1073 2230 pervia
1094 2168 1240 2217 reddit
1259 2168 1421 2215 biems.

343 2238 427 2295 Ut,
446 2234 536 2301 quii
558 2250 709 2282 remus
732 2235 817 2281 iter
836 2235 980 2297 pulsis
1001 2230 1138 2280 modo
1159 2232 1332 2280 fecerat
1354 2232 1507 2288 undis,

409 2303 569 2352 siccus
590 2297 823 2346 contemta
845 2315 962 2345 nave
984 2300 1132 2346 viator
1153 2305 1242 2346 eat.

344 2367 440 2424 Qui
461 2365 654 2413 veniunt
674 2364 821 2418 istinc,
844 2365 927 2413 vix
944 2380 1031 2411 vos
1053 2379 1108 2412 en
1127 2364 1312 2415 credere
1332 2363 1509 2411 dieunt.

410 2427 563 2485 Quam
585 2430 725 2475 miser
745 2439 828 2483 est,
852 2430 931 2489 qui
951 2429 1042 2475 fert
1063 2429 1290 2490 asperiora
1309 2427 1427 2476 fide!

344 2495 495 2548 Grede
514 2501 697 2541 tamen:
726 2509 811 2540 nec
833 2502 881 2543 te
901 2509 1087 2544 caussas
1109 2495 1286 2542 nescire
1307 2494 1532 2552 sinemus,

410 2558 615 2607 Horrida
637 2558 939 2605 Sarmaticum
960 2574 1042 2605 cur
1062 2575 1189 2609 mare
1209 2560 1343 2606 duret
1356 2558 1526 2608 hiems.

345 2625 566 2674 Proxima
586 2630 695 2674 sunt
716 2623 845 2669 nobis
866 2623 1057 2685 plaustri
1078 2624 1292 2671 ducentia
1310 2623 1533 2683 formam.

401 2689 595 2755 thuae
614 2687 895 2751 praecipuum
916 2688 1068 2756 sidega
1084 2688 1235 2753 frigus
1254 2688 1441 2741 habent-
1474 2760 1485 2770 ι
1649 2694 1715 2738 40
