1842 2966
319 102 419 145 204
589 123 600 136 .
661 94 718 143 P.
751 92 985 144 ovmn
1016 81 1325 145 NAsoms'

319 225 388 274 At
407 226 517 273 mihi
538 224 729 287 fingenti
748 223 939 281 tantum,
960 223 1190 290 longeque
1206 231 1401 286 remoto,

385 291 585 337 Auribus
604 292 678 339 hic
696 290 870 338 fructus
891 292 1201 353 percipiendus
1220 294 1320 340 erit.

321 356 478 416 Atque
495 356 656 418 procul
675 354 811 404 Latio
831 357 1060 403 diversum
1081 357 1246 405 missus
1265 359 1314 403 in
1338 360 1512 407 orbem

390 420 485 476 Qui
506 428 656 469 narret
676 422 848 484 cupido,
871 422 952 467 vix
973 422 1071 476 erit,
1094 422 1181 468 ista
1200 423 1325 470 mihi.
1617 431 1685 476 70

258 527 261 536 ,
323 484 374 533 Is
394 501 573 547 quoque
585 487 683 549 jam
707 501 854 534 serum
877 486 1041 533 referet
1060 492 1351 549 veteremque
1369 490 1684 556 triumphum.

392 550 499 605 Quo
521 559 673 598 tamen
694 551 874 598 audiero
895 557 1112 613 tempore,
1134 552 1268 599 laetus
1289 567 1385 601 ero.

324 614 412 662 Illa
431 617 527 663 dies
547 617 712 671 veniet,
735 631 836 662 mea
855 614 946 676 quii
963 616 1172 678 lugubria
1191 632 1391 678 ponam3

391 678 651 743 Caussaque
668 679 845 744 privata
863 680 1042 746 publica
1059 682 1204 744 major
1222 683 1340 747 erit.⁴

791 855 1061 925 mmm
1095 874 1192 926 111.

328 1005 526 1054 Mamm
546 1005 783 1065 minorque
800 1003 925 1061 ferae,
948 1022 1137 1068 quarum
1158 1008 1280 1071 regis
1302 1009 1443 1061 altera
1471 1010 1656 1079 Graj„

393 1071 554 1116 Aitera
576 1070 795 1125 Sidonias,
817 1077 1007 1133 utraque
1028 1073 1158 1127 sicca,
1182 1080 1331 1121 rates:
1373 1079 1379 1086 '
1505 1099 1516 1107 .

329 1134 498 1184 Omnia
518 1132 622 1181 cum
643 1149 820 1182 summo
841 1138 1005 1198 positae
1024 1137 1214 1184 videatis
1234 1139 1283 1185 in
1305 1154 1406 1196 axe,

394 1200 462 1248 Et
481 1200 618 1247 maris
639 1201 847 1247 occiduas
867 1211 961 1248 non
983 1203 1176 1250 subeatis
1197 1218 1348 1264 aquas,

329 1266 673 1327 AEtheriamque
693 1266 785 1312 suis
806 1267 996 1328 cingens
1017 1267 1296 1328 amplexibus
1316 1284 1471 1317 arcem

393 1330 563 1379 Vester
582 1332 638 1378 ab
657 1330 827 1377 intacta
846 1332 1041 1378 circulus
1061 1338 1211 1379 exstet
1229 1333 1403 1391 humo;

329 1395 564 1459 Adspicite
582 1396 673 1451 illa,
696 1409 866 1459 precor,
888 1410 993 1456 quae
1008 1411 1101 1443 non
1123 1397 1238 1445 bene
1250 1400 1425 1447 moenia
1443 1403 1676 1463 quondan

398 1461 582 1509 Dicitur
604 1459 770 1510 Iliades
789 1459 1069 1509 transisuisse
1089 1460 1296 1510 Remus:

332 1525 479 1589 Inque
500 1542 648 1574 meam
668 1527 835 1573 nitidos
854 1526 1083 1574 dominam
1105 1529 1355 1577 convertite
1373 1531 1540 1580 vultus
1555 1550 1573 1581 ε

399 1593 559 1654 Sitque
578 1606 753 1639 memor
773 1592 918 1638 nostri
940 1596 1097 1647 necne,
1118 1592 1282 1641 referte
1302 1596 1431 1643 mihi.
1617 1604 1676 1646 lo

333 1656 430 1705 Hei
452 1656 589 1704 mihi!
625 1671 718 1711 eur,
741 1654 930 1704 nimium
945 1671 1049 1716 quae
1063 1664 1171 1705 sunt
1184 1658 1437 1717 manifesta,
1459 1663 1677 1726 requiro?

401 1719 499 1771 Cur
518 1722 639 1769 labat
659 1721 870 1784 ambiguo
893 1735 997 1783 spes
1017 1723 1127 1769 mihi
1148 1724 1291 1771 mixta
1310 1732 1441 1773 metu
1453 1726 1480 1773 i’

337 1784 487 1836 Crede
505 1787 627 1848 quod
646 1794 730 1842 est,
751 1785 874 1847 quod
893 1787 999 1843 vis;
1031 1802 1085 1834 ac
1105 1787 1259 1836 desine
1278 1795 1379 1837 tuta
1400 1794 1580 1842 vereri:

399 1849 566 1913 Deque
585 1850 675 1899 fide
693 1850 818 1899 certi¹
838 1852 899 1898 sit
916 1852 997 1900 tibi
1018 1858 1140 1899 certa
1158 1852 1284 1901 fides.

338 1917 565 1979 Quodque
584 1917 690 1980 polo
709 1915 816 1966 fixae
837 1924 1067 1977 nequeunt
1086 1917 1164 1964 tibi
1185 1918 1335 1968 dicere
1351 1919 1572 1981 flammae,

402 1982 515 2031 Non
535 1980 779 2029 mentitura
799 1989 849 2028 tu
870 1982 949 2029 tibi
969 1998 1085 2029 voce
1104 1983 1250 2031 refer:

339 2046 459 2096 Esse
479 2048 546 2094 tui
571 2061 830 2102 memorem,
853 2047 910 2093 de
932 2045 1022 2107 quii
1040 2047 1120 2094 tibi
1140 2050 1339 2097 maxima
1358 2067 1469 2099 cura
1487 2062 1560 2101 est
1571 2071 1588 2112 ;

406 2110 631 2172 Quodque
651 2117 813 2172 potest,
836 2126 990 2158 secum
1012 2127 1178 2160 nomen
1198 2115 1363 2163 habere
1380 2124 1530 2165 tuum.

341 2176 556 2224 vultibus
577 2175 652 2222 illa
671 2176 778 2230 tuis,
799 2183 1028 2236 tamquam
1048 2180 1297 2240 praesentis,
1316 2182 1525 2239 inhaeret,

405 2240 566 2302 Teque
584 2247 758 2287 remota
777 2241 945 2302 procul,
969 2243 1006 2289 si
1028 2241 1165 2291 modo
1183 2245 1309 2301 vivit,
1332 2254 1468 2294 amat.
1601 2252 1673 2297 90

242 2354 249 2359 ,
342 2304 534 2365 Ecquid,
558 2311 609 2351 ut
628 2305 830 2351 incubuit
839 2306 968 2367 justo
990 2322 1119 2354 mens
1140 2321 1266 2370 aegra
1285 2310 1443 2366 dolori,

407 2367 549 2417 Lenis
569 2369 624 2414 ab
643 2369 871 2416 admonito
891 2377 1073 2430 pectore
1093 2387 1279 2421 somnus
1297 2374 1423 2421 abit?

342 2432 477 2479 Tunc
498 2433 689 2479 subeunt
708 2448 844 2488 curae,
867 2434 974 2479 dum
995 2442 1043 2480 te
1061 2435 1295 2497 lectusque
1312 2438 1532 2502 locusque

408 2494 594 2557 Tangit,
614 2505 662 2542 et
682 2496 864 2543 oblitam
887 2513 980 2544 non
1002 2499 1109 2546 sinit
1127 2515 1227 2547 esse
1245 2503 1350 2548 mei.

346 2557 414 2607 Et
433 2561 621 2606 veniunt
642 2567 792 2614 aestus,
813 2569 860 2608 et
881 2576 975 2608 nox
995 2563 1214 2612 immensa
1231 2567 1444 2627 videtur;

413 2623 639 2684 Fessaque
648 2625 808 2687 Jactati
828 2627 1029 2690 corporis
1047 2642 1154 2679 οισι
1172 2629 1341 2683 dolent.
