1842 2966
446 174 828 227 FASTORUM
861 173 970 224 Lu.
992 173 1064 225 11.
1354 179 1424 227 37

74 305 241 363 Forte
259 306 350 357 fuit
369 307 502 364 Nais,
525 306 648 356 Lara
670 306 880 355 nomine:
917 307 1065 368 prima
1084 307 1166 363 sed
1185 309 1253 357 illi

156 373 305 423 Dicta
326 374 393 422 bis
409 376 644 436 antiquum
667 372 840 434 syllaba
861 368 1030 419 nomen
1052 381 1164 429 erat,
1328 378 1428 424 600

85 440 175 490 Ex
198 440 312 486 vitio
331 440 545 501 positum.
578 439 715 501 Saepe
736 437 994 484 illidixerat
1014 437 1167 499 Almo,

161 503 305 558 Nata,
329 512 436 551 tene
456 505 688 567 linguam=
728 518 814 549 nec
835 510 990 548 tamen
1012 503 1090 550 illa
1110 511 1248 552 tenet.

87 571 238 627 Quae,
263 570 398 616 simul
419 585 472 616 ac
492 569 644 630 tetigit
664 565 880 617 Jutu'rnae
902 575 1067 630 stagna
1088 571 1266 627 sororis,

162 634 354 697 Effuge,
372 635 447 689 ait,
472 634 610 696 ripas:
648 634 769 680 dicta
789 631 1017 694 refertque
1036 632 1186 682 Jovis.

88 699 190 749 Ina
211 701 350 746 etiam
372 698 602 748 Junonem
624 699 758 747 adiit:
794 699 1097 760 ,miserataque
1117 707 1318 762 nuptam,

167 763 326 812 NaIda
340 763 584 813 Juturnam
601 765 672 811 vir
693 769 812 817 tuus,
835 764 998 824 inquit,
1021 771 1157 812 amat.
1197 802 1204 807 .

83 830 284 894 Jupiter
305 830 545 879 intumuit:
583 827 761 890 quique
781 836 852 876 est
872 844 967 876 non
988 845 1073 876 usa
1093 829 1315 889 modeste,

161 895 353 958 Eripuit
373 895 575 956 linguam
590 912 604 941 ε
644 893 1018 954 Mercuriumque
1037 905 1202 954 vocat;

92 961 232 1014 Duc,
256 961 333 1015 ait,
355 961 414 1008 ad
435 959 630 1007 Maneat
668 958 796 1006 locus
817 959 894 1006 ille
914 960 1151 1009 silentibus
1172 970 1318 1025 aptus·

164 1025 408 1087 Nympha,
434 1025 514 1073 sed
529 1024 719 1073 infernae
741 1023 962 1086 Nympha
982 1027 1170 1088 paludis,
1192 1029 1294 1076 erit.
1336 1034 1437 1079 610

87 1092 243 1144 Jussa
264 1088 401 1138 Jovis
419 1089 564 1139 fiunt:
602 1090 774 1151 accepit
791 1090 923 1136 lucus
943 1098 1118 1147 euntes

165 1156 361 1205 Dicitur
381 1156 459 1203 illa
479 1156 580 1202 duci
601 1162 700 1202 tum
721 1155 944 1217 placuisse
965 1154 1091 1205 Deo.

94 1224 222 1273 Vim
243 1227 375 1283 parat
395 1222 491 1268 hic:
529 1220 660 1267 vultu
680 1235 765 1281 pro
783 1221 932 1269 verbis
953 1221 1030 1268 illa
1049 1230 1285 1289 precatum

169 1287 244 1336 Et
264 1283 432 1333 frustra
452 1292 582 1332 muto
602 1286 761 1332 nititur
781 1301 861 1331 ore
881 1285 1021 1346 loqui.

10 1348 19 1357 ‘
97 1355 281 1414 Fitque
302 1352 469 1414 gravis,
492 1351 790 1413 geminosque
802 1350 931 1411 parit,
945 1352 1022 1410 qui
1036 1353 1232 1415 compita
1247 1360 1445 1414 servant,

171 1417 248 1466 Et
268 1417 461 1480 vigilant
478 1413 637 1466 nostrii:
651 1430 829 1477 semper
849 1415 895 1461 in
918 1417 1041 1470 urbe,
1067 1415 1227 1466 Lares.

99 1487 360 1536 Pnoxnu
383 1482 571 1545 cognati
582 1480 737 1530 dixere
760 1478 957 1530 Caristia
977 1481 1081 1536 cari,

176 1551 251 1600 Et
274 1549 403 1600 venit
421 1548 479 1596 ad
501 1547 644 1594 socias
667 1547 796 1594 turba
815 1545 1067 1608 propinqua
1081 1546 1236 1609 dapes.
1318 1592 1335 1616 x

78 1617 305 1674 -Scilicet
326 1611 354 1661 ὲ
369 1613 568 1667 tumulis,
591 1619 651 1668 et,
675 1611 751 1672 qui
772 1611 962 1673 periere,
975 1611 1250 1675 propinquis,

183 1680 409 1730 Protinus
430 1678 488 1727 ad
508 1678 640 1725 vivos
662 1691 741 1724 ora
763 1675 931 1723 referre
942 1677 1105 1738 juvat:
1339 1688 1451 1734 ,620

106 1750 332 1807 Postque
353 1751 422 1792 tot
442 1744 646 1799 amissos,
667 1741 886 1803 quidquid
905 1742 964 1789 de
989 1744 1213 1805 sanguine
1233 1755 1386 1807 restat,

185 1810 469 1872 Adspicere3
500 1815 548 1855 et
567 1808 749 1871 generis
770 1807 1057 1855 dinumerare
1076 1811 1258 1870 gradus.

107 1876 324 1930 Innocui
343 1875 554 1924 veniant:
592 1872 750 1935 procul
770 1874 890 1928 hinc,
911 1874 1069 1935 procul
1087 1874 1254 1936 impius
1270 1884 1370 1926 esto

187 1943 370 1997 Frater,
393 1946 440 1986 et
459 1940 508 1986 in
527 1946 684 2000 partus
704 1945 849 1985 mater
869 1938 1029 1985 acerba
1047 1954 1177 1986 suos:

116 2010 222 2066 Cui
242 2012 372 2070 pater
387 2015 458 2051 est
478 2006 628 2057 vivax,
650 2003 728 2064 qui
748 2003 904 2049 matris
927 2002 1092 2065 digerit
1112 2019 1270 2062 annos,

192 2074 323 2127 Quae
342 2070 506 2132 premit
524 2069 717 2116 invisam
739 2083 895 2115 socrus
914 2069 1070 2129 iniqua
1088 2084 1266 2119 nurum.

114 2136 392 2191 Tantalidae
411 2133 574 2182 fratres
596 2135 754 2188 absint,
777 2141 826 2181 et
847 2132 1026 2181 Iiisonis
1047 2148 1177 2191 uxor,

194 2203 269 2252 Et
288 2216 393 2263 quae
415 2200 619 2247 ruricolis
639 2200 812 2246 semina
830 2204 953 2245 tosta
973 2198 1125 2246 dedit:
1173 2221 1180 2232 .

121 2272 198 2322 Et
225 2269 382 2320 Soror,
405 2274 452 2316 et
474 2264 674 2328 Progne,
697 2262 964 2325 Tereusque
984 2264 1155 2312 duabus
1173 2266 1383 2329 iniquus:

200 2334 272 2383 Et
294 2332 567 2394 quicumque
587 2343 692 2377 suas
711 2345 793 2392 per
815 2329 963 2376 scelus
983 2337 1122 2391 auget
1147 2346 1271 2392 opes.
1369 2340 1470 2383 650

128 2400 233 2451 Dis
254 2397 441 2461 generis
460 2396 563 2443 date
584 2403 687 2452 tura
706 2395 850 2442 bonis.
883 2391 1142 2442 Concordia
1162 2396 1306 2444 fertur

203 2458 545 2526 Inopraecipue
569 2461 692 2508 mitis
713 2460 870 2508 adesse
891 2457 979 2506 die.

130 2531 202 2583 Et
223 2531 366 2582 libate
385 2528 544 2590 dapes:
584 2532 635 2572 ut
656 2526 773 2589 grati
793 2525 961 2587 pignus
982 2524 1167 2573 honoris

203 2593 400 2643 Nutriat
417 2592 640 2642 incinctos
660 2592 798 2638 missa
817 2590 984 2651 patella
1004 2588 1163 2637 Lares.

134 2661 170 2716 J
174 2674 349 2722 amque
360 2657 437 2712 ubi
457 2657 659 2706 suadebit
679 2656 878 2719 placidos
902 2668 997 2701 nox
1016 2655 1175 2702 ultima
1198 2671 1395 2716 somnos,

212 2725 364 2773 Parca
383 2730 633 2788 precaturae
652 2722 823 2782 ¹sumite
842 2720 952 2770 vina
971 2733 1146 2767 manus.
1187 2763 1191 2767 Α
1267 2775 1276 2782 ⁴

141 2806 256 2840 vor,-
277 2804 356 2838 ιιι.
1064 2798 1096 2829 1
