1842 2966
352 150 444 195 108
682 145 747 207 ‚P.
784 140 1018 195 ovmn
1031 146 1036 155 '
1051 142 1350 197 NASONIS

348 277 489 325 Nune
511 279 637 341 dape,
660 293 784 326 nunc
804 280 955 341 posito
975 294 1147 325 mensae
1168 280 1345 327 nituere
1367 279 1554 343 Lyaeo.

413 343 561 391 Terra
581 345 745 391 rubens
765 352 925 399 crater,
946 345 1110 406 pocula
1127 343 1261 406 fagus
1282 353 1426 392 erant.

354 408 510 457 verba
529 410 656 457 fuere
677 409 839 468 ,Ἰονίας
876 410 928 456 si
950 410 1055 470 quid
1078 409 1166 455 fert
1187 411 1397 472 impetus,
1424 418 1580 473 opta:

415 474 566 522 Omne
587 475 718 523 feres.
754 474 929 522 Placidi
950 476 1089 521 verba
1109 473 1236 521 fuere
1258 476 1403 521 senis:

351 537 473 589 Cara
492 540 579 587 fuit
600 542 779 604 conjux,
796 542 958 602 primae
980 539 1089 584 mihi
1112 552 1220 585 cura
1234 541 1446 602 juventae

415 605 646 670 Cognita3
681 621 804 653 nunc
825 606 899 651 ubi
920 605 984 650 sit
1002 604 1201 666 quaeritis
1215 604 1239 648 'c’
1273 620 1388 651 urna
1409 606 1557 668 tegit.

351 671 488 720 Huic»
501 688 592 734 ego
603 674 799 734 juratus,
819 670 949 716 vobis
967 670 1016 715 in
1040 670 1177 715 verba
1194 671 1381 725 vocatis,

419 737 664 800 conjugio,
687 736 795 790 dixi,
819 735 917 780 sola
933 731 1089 780 fruere
1109 749 1228 782 meo.
1355 738 1362 747 “

352 804 421 854 Et
440 804 549 858 dixi,
572 808 620 848 et
639 816 786 854 servo,
810 799 891 845 sed
911 799 1035 844 enim
1056 799 1233 846 diversa
1252 800 1468 848 voluntas

421 868 513 916 Est
532 867 642 912 mihi
661 883 674 910 t
712 879 799 911 nec
820 864 1001 927 conjux,
1025 870 1073 910 et
1092 871 1219 925 pater
1240 880 1341 912 esse
1357 866 1480 912 volo.
1613 869 1712 913 530
1801 840 1802 855 ἵ

361 935 631 984 Adnuerant
652 943 838 976 omnest
876 943 1036 975 omnes
1058 930 1115 975 ad
1135 935 1264 993 terga
1274 932 1497 993 juvencae

312 996 315 1005 '
419 997 745 1047 Constiterant.
793 993 950 1041 Pudor
972 1002 1042 1041 est
1063 995 1278 1045 ulteriora
1296 996 1439 1058 loqui.

353 1063 478 1112 Tum
502 1056 802 1123 superinjecta
820 1056 979 1106 texere
1000 1059 1228 1106 madentia
1249 1060 1381 1107 tertii.

417 1127 615 1187 Jamque
635 1125 793 1171 decem
812 1139 1026 1182 menses;
1061 1131 1108 1170 et
1128 1140 1241 1187 puer
1260 1134 1387 1173 ortus
1409 1133 1525 1174 erat.

354 1194 501 1242 Hune
524 1191 745 1253 Hyrieus,
766 1190 872 1252 quia
893 1191 959 1236 sic
980 1190 1175 1250 genitus,
1196 1198 1333 1238 vocat
1355 1190 1555 1239 Uriona.

425 1257 627 1306 Perdidit
647 1256 883 1317 antiquum
903 1255 1036 1301 litera
1055 1256 1199 1317 prima
1222 1270 1400 1303 sonum.

356 1324 580 1375 Creverat
598 1322 890 1369 immensum:
931 1321 1142 1369 comitem
1168 1321 1252 1367 sibi
1276 1319 1415 1369 Delia
1436 1324 1613 1371 sumsit.

326 1386 329 1389 ¹
367 1428 373 1441 .
423 1388 512 1438 Ille
534 1387 656 1436 Deae
677 1394 845 1443 eustos,
866 1386 946 1433 ille
968 1386 1147 1434 satelles
1169 1394 1281 1434 erat.

358 1456 513 1505 Verba
531 1460 721 1504 movent
741 1453 832 1502 iras
847 1467 941 1500 non
954 1452 1287 1515 circumspecta
1308 1451 1534 1503 Deorum.

424 1523 579 1578 Quam
592 1535 824 1582 nequeam,
850 1518 978 1575 dixit,
1000 1519 1196 1572 vincere,
1220 1520 1344 1566 nulla
1363 1519 1461 1570 fera
1479 1527 1567 1568 est.
1596 1524 1691 1571 540

358 1590 581 1651 Scorpion
600 1586 788 1633 immisit
807 1582 980 1632 Tellus-
1015 1582 1124 1631 Fuit
1138 1585 1332 1647 impetus
1352 1585 1417 1631 illi

386 1699 391 1705 ,
423 1652 582 1703 Curva
601 1650 906 1714 gemelliparae
927 1649 1098 1711 spicula
1114 1648 1233 1697 ferre
1254 1648 1391 1697 Deae.

358 1719 550 1770 Obstitit
570 1715 732 1765 Orion.
766 1713 949 1761 Latona
968 1714 1214 1762 nitentibus
1234 1716 1367 1762 astris

424 1782 639 1831 Addidit:
674 1787 736 1835 et,
759 1779 919 1826 Meriti
938 1780 1138 1843 praemia,
1162 1780 1289 1835 dixit,
1312 1780 1440 1828 habe.

361 1847 460 1899 821>
481 1848 590 1910 quid
609 1852 658 1893 et
677 1846 838 1901 Orion,
861 1850 909 1890 et
930 1850 1081 1891 cetera
1100 1845 1246 1892 sidera
1264 1845 1437 1893 mundo

427 1912 604 1963 Cedere
622 1910 852 1964 festinant,
874 1919 1058 1971 noxque
1077 1916 1251 1957 coartat
1270 1910 1392 1957 iter?

360 1980 487 2037 Quid
508 1979 643 2027 solito
663 1973 797 2024 citius
816 1976 987 2036 liquido
998 1975 1133 2038 jubar
1152 1990 1336 2036 aequore
1355 1975 1474 2023 tollit

422 2044 644 2097 Candida,
666 2040 880 2088 Lucifero
899 2041 1221 2102 praeveniente,
1241 2042 1337 2088 dies
1348 2041 1374 2086 ’ἒ

355 2108 542 2160 Pallor?
556 2123 616 2157 nn
626 2121 751 2154 arma
765 2104 958 2153 sonant?
972 2104 1084 2151 Non
1099 2105 1316 2153 fallimur:
1332 2121 1456 2154 arma
1467 2108 1677 2157 sonabant.

426 2174 560 2223 Mars
579 2173 733 2219 venit:
771 2177 820 2218 et
838 2169 1028 2217 veniens
1047 2170 1207 2218 bellica
1226 2173 1359 2233 signa
1379 2171 1509 2219 dedit.
1583 2178 1674 2223 550

360 2240 503 2289 Ultor
523 2239 582 2285 ad
599 2238 698 2299 ipse
719 2250 825 2283 suos
846 2235 968 2282 coelo
988 2235 1220 2283 deseendit
1239 2238 1446 2292 honores,

421 2303 706 2365 Templaque
723 2302 772 2348 in
794 2298 1012 2363 Augusto
1031 2301 1347 2363 conspicienda
1367 2301 1499 2349 Foro.

357 2370 426 2419 Et
448 2368 583 2416 Deus
603 2375 676 2415 est
693 2366 871 2429 ingens,
893 2373 944 2413 et
962 2381 1104 2428 opus:
1143 2367 1329 2414 debebat
1348 2367 1395 2414 in
1421 2366 1536 2417 Urbe

424 2434 538 2483 Non
556 2432 688 2480 aliter
707 2433 802 2479 nati
823 2430 957 2488 Mars
977 2432 1177 2479 habitare
1195 2434 1281 2479 sui.

360 2498 526 2611 Diffa
547 2498 790 2561 Giganteis
810 2498 911 2544 haec
932 2503 1040 2543 sunt
1060 2496 1244 2544 delubra
1262 2497 1472 2559 tropaeis:

485 2565 562 2611 ine
582 2562 679 2610 fera
701 2562 957 2611 Gradivum
970 2559 1089 2609 bella
1108 2577 1293 2610 movere
1313 2562 1469 2610 decet:

362 2630 456 2682 Seu
477 2629 578 2692 quis
597 2629 654 2676 ab
674 2627 780 2676 Eiio
800 2643 887 2675 nos
907 2629 1072 2690 impius
1093 2628 1201 2675 orbe
1219 2627 1437 2684 laeesset3

404 2696 522 2746 ·Seu
541 2696 643 2758 quis
663 2695 719 2743 ab
738 2694 930 2743 occiduo
953 2693 1062 2742 Sole
1081 2692 1330 2741 domandus
1341 2692 1446 2757 ‘erit-
