1842 2966
218 2794 282 2922 ι’

303 168 407 217 842
512 187 530 202 ·
648 159 708 210 P.
741 159 978 216 OVIDII
1008 159 1316 213 NASONIS

314 295 464 348 Terra
484 295 563 350 tibi
582 293 755 356 fruges,
777 294 925 341 amnis
945 293 1026 341 tibi
1048 294 1247 357 deneget
1266 294 1442 347 undas:

385 361 606 423 Deneget
627 359 817 407 adflatus
838 367 1004 407 ventus
1025 366 1073 406 et
1094 374 1204 407 aura
1226 376 1352 408 suos.

315 426 423 476 Nec
444 428 527 474 tibi
549 426 631 474 Sol
651 426 810 481 clarus,
835 440 920 471 nec
943 426 1002 472 sit
1022 425 1105 473 tibi
1123 425 1275 473 lucida
1297 424 1513 488 Phoebe3

387 491 661 540 Destituant
681 491 838 539 oculos
860 490 1008 537 sidera
1027 497 1193 538 cuncta
1212 498 1334 539 tuos.

321 557 428 607 Nec
453 574 502 606 se
524 557 776 611 Vulcanus,
799 572 885 603 nec
906 572 957 603 se
977 556 1058 603 tibi
1078 558 1280 619 praebeat
1299 557 1408 617 a'e‘r3

388 623 495 672 Nec
516 624 596 670 tibi
617 624 695 669 det
715 622 864 676 tellus,
886 637 973 668 nec
994 622 1074 669 tibi
1095 628 1264 684 pontus
1282 623 1389 671 iter.
1584 630 1665 676 llo

323 689 491 744 Exsul,
516 691 648 751 inops
669 704 806 753 erres,
830 688 1064 748 alienaque
1085 687 1243 735 limina
1263 688 1434 738 lustres
1448 707 1466 739 z

391 755 719 818 Exiguumque
740 760 868 814 petas
888 768 973 800 ore,
990 759 1214 800 tremente
1235 754 1404 801 cibum.

324 820 433 870 Nec
455 836 619 882 corpus
640 820 844 880 querulo,
867 833 953 865 nec
975 833 1106 865 mens
1126 825 1261 865 vacet
1282 834 1414 883 aegra
1432 820 1616 874 adm-02

395 885 598 946 Noxque
620 885 693 930 die
713 885 900 946 gravior
921 884 982 940 ‚sit
1001 885 1094 940 tibi,
1118 890 1255 932 noete
1275 884 1390 932 dies.

332 951 496 1013 Sisque
517 950 654 997 miser
674 965 883 1011 semper3
918 963 1006 995 nec
1026 950 1089 996 sis
1109 950 1380 998 miserabilis
1399 952 1503 1003 uni.

398 1016 611 1064 Gaudeat
633 1015 833 1060 adversis
854 1014 1026 1061 femina
1049 1015 1207 1075 virque
1227 1016 1334 1062 tuis.

331 1081 537 1131 Accedat
555 1080 753 1126 lacrimis
774 1079 944 1134 odium,
968 1080 1224 1141 dignusque
1242 1087 1421 1143 putere,

402 1146 498 1200 Qui
519 1144 653 1196 mala.
676 1142 782 1191 cum
803 1145 965 1192 tuleris
975 1146 1181 1207 plurima,
1202 1146 1335 1208 plura
1353 1146 1494 1207 feras.

337 1212 511 1271 Sitque,
534 1210 657 1272 quod
679 1217 752 1257 est
773 1225 939 1264 rarum,
965 1211 1099 1258 solito
1123 1209 1300 1259 defecta
1318 1210 1484 1263 favore

404 1275 650 1323 AErumnae
670 1275 811 1323 facies
831 1276 1057 1324 invidiosa
1077 1283 1188 1323 tuae.
1590 1287 1671 1331 lm

335 1341 604 1403 Caussaque
623 1356 717 1388 non
740 1341 869 1395 desit,
891 1340 1011 1390 desit
1030 1341 1111 1389 tibi
1132 1343 1264 1404 copia
1283 1345 1476 1394 mortis:

403 1408 621 1470 Optatam
641 1406 791 1468 fugiat
811 1406 907 1455 vita
926 1412 1086 1453 coacta
1106 1422 1281 1455 necem.

337 1473 656 1534 Luctatusque
677 1472 756 1521 diu
777 1471 1001 1520 cruciatos
1022 1472 1206 1534 spiritus
1227 1480 1353 1523 artus

406 1539 609 1588 Deserat
620 1556 650 1597 ς·
671 1546 719 1585 et
739 1535 881 1600 longa
901 1545 1113 1598 torqueat
1133 1536 1240 1586 ante
1262 1539 1408 1589 mori.

342 1604 590 1657 Evenient.
624 1602 773 1652 Dedit
793 1605 891 1665 ipse
911 1604 1024 1650 mihi
1045 1602 1184 1651 modo
1207 1606 1340 1667 signa
1358 1606 1507 1657 futuri

409 1671 642 1720 Phoebus:
682 1677 732 1716 et
751 1667 780 1716 a
799 1666 919 1716 laeva
938 1676 1106 1717 moesta
1120 1670 1295 1717 volavit
1316 1672 1429 1720 avis.

346 1732 490 1787 Certe
511 1751 615 1797 ego,
637 1750 743 1796 quae
762 1749 926 1789 voveo,
953 1734 1153 1798 Superos
1174 1743 1356 1784 motura
1375 1740 1575 1800 putabo:

413 1802 595 1865 Speque
614 1807 710 1848 tuae
731 1800 903 1855 mortis,
927 1800 1108 1861 perfide,
1133 1815 1313 1864 semper
1332 1802 1443 1851 alar.

344 1866 501 1917 Finiet
519 1867 600 1914 illa
620 1867 731 1921 dies,
751 1881 857 1927 quae
877 1872 927 1912 te
947 1866 1058 1913 mihi
1080 1867 1311 1913 subtrahet
1330 1868 1471 1920 olima

415 1932 571 1982 Finiet
589 1932 669 1979 ilia
690 1932 801 1987 dies,
824 1946 930 1993 quae
953 1931 1063 1977 mihi
1084 1931 1213 1978 tarda
1234 1933 1378 1979 venit.
1597 1942 1679 1988 130

350 1997 420 2048 Et
438 1995 564 2063 prius
585 1999 703 2045 hanc
724 1999 935 2051 animam,
958 1993 1149 2044 nimium
1170 1997 1250 2044 tibi
1272 2013 1396 2061 saepe
1415 2002 1639 2064 petimus

418 2064 613 2111 Auferat
632 2063 712 2110 illa
732 2063 843 2118 dies,
865 2076 972 2123 quae
992 2063 1104 2109 mihi
1125 2077 1227 2110 sera
1244 2065 1400 2112 venit=

354 2125 509 2185 Quam
531 2129 662 2176 dolor
682 2129 756 2174 hic
782 2142 997 2189 umquam
1019 2129 1165 2191 spatio
1187 2143 1464 2179 evanescere
1482 2138 1636 2198 pouit,

421 2192 591 2243 Leniat
611 2200 689 2239 aut
708 2193 864 2239 odium
886 2200 1068 2254 tempus
1089 2199 1136 2241 et
1156 2195 1269 2241 hora
1289 2210 1463 2244 meum.

357 2258 402 2308 P
499 2259 639 2306 abunt
649 2258 816 2320 jaculis
837 2259 946 2305 dum
969 2257 1187 2315 Thraces,
1210 2257 1417 2323 Iazyges
1439 2278 1564 2321 arcu,

480 2339 556 2370 um
579 2322 757 2384 tepidus
780 2322 986 2385 Ganges,
1007 2323 1200 2386 frigidus
1221 2322 1345 2372 Ister
1365 2328 1484 2388 erit3

357 2388 547 2437 Robora
568 2387 675 2432 dum
697 2395 892 2442 montes,
917 2388 1026 2434 dum
1046 2390 1212 2450 pabula
1229 2390 1390 2438 mollia
1408 2397 1575 2459 campi,

422 2451 556 2498 Dum
578 2449 756 2497 Tiberis
776 2451 919 2499 flavas
941 2451 1124 2502 Tuscus
1144 2455 1322 2502 habebit
1342 2471 1485 2519 aquas
1496 2477 1516 2517 ς

360 2516 495 2566 Bella
514 2529 672 2577 geram
696 2523 874 2563 tecum:
913 2533 1001 2564 nec
1022 2533 1148 2566 mors
1168 2519 1278 2566 mihi
1299 2518 1431 2569 finiet
1451 2526 1580 2586 iras3

429 2581 565 2627 Saeva
586 2580 665 2627 sed
687 2580 735 2627 in
753 2596 911 2628 manes
933 2583 1141 2632 manibus
1161 2599 1287 2632 arma
1306 2584 1447 2637 dabit.
1617 2598 1697 2642 140

360 2643 485 2693 Tum
508 2659 700 2705 quoque,
724 2642 828 2693 curn
851 2661 1020 2695 vacuas
1040 2647 1172 2696 fuero
1192 2649 1394 2712 dilapsus
1414 2653 1466 2702 in
1489 2669 1629 2716 auras,

425 2708 669 2760 Exanimis
689 2723 848 2760 manes
867 2711 1017 2763 oderit
1037 2715 1196 2765 umbra
1217 2721 1335 2766 tuos.
