1842 2966
513 156 860 212 TRISTIUM
892 155 1003 208 Ln.
1023 157 1114 211 IV.
1135 166 1184 211 4.
1424 164 1520 210 20⁷

172 289 284 342 Nec
302 290 540 354 prohibere
558 297 721 352 potest,
743 290 850 352 quia
871 305 945 338 res
966 298 1038 338 est
1057 291 1234 354 publica
1257 290 1417 342 Caesar
1428 309 1446 351 ς

244 355 316 405 Et
336 356 394 404 de
413 357 643 403 communi
664 371 769 417 pars
789 371 971 418 quoque
990 364 1147 406 nostra
1165 358 1285 406 bono
1306 365 1391 406 est.

173 420 363 486 Jupiter
381 420 579 484 ingeniis
599 423 769 483 praebet
790 436 872 468 sua
892 422 1081 468 numina
1099 429 1281 479 vatum3

248 487 401 549 Seque
422 486 637 533 celebrari
659 486 856 546 quolibet
877 503 958 534 ore
980 487 1101 534 sinit.

179 550 361 602 Caussa
379 558 459 598 tua
478 552 686 614 exemplo
709 552 983 614 Superorum
1006 558 1106 599 tuta
1127 552 1318 598 duorum
1341 558 1432 600 ests

249 616 461 672 Quorum
482 616 556 664 hic
576 617 862 678 conspicitur,
886 617 1082 664 creditur
1102 618 1179 663 ille
1198 616 1349 666 Deus.
1461 620 1527 664 20
1599 619 1600 626 ’

180 681 254 730 Ut
277 697 370 730 non
392 682 634 736 debuerim,
656 690 809 729 tamen
830 683 917 729 hoc
940 698 1029 745 ego
1052 683 1221 730 crimen
1243 682 1431 731 amabo:

248 746 363 794 Non
383 746 468 793 fuit
490 747 657 793 arbitrii
675 747 805 793 litera
826 754 981 794 nostra
1002 748 1083 794 tui.

179 811 289 859 Nec
310 826 443 866 nova,
466 808 588 872 quod
607 818 760 859 tecum
780 812 954 873 loquor,
978 820 1049 860 est
1068 813 1231 876 injuria
1250 818 1419 868 nostra,

249 875 501 924 Incolumis
521 891 625 923 cum
647 892 737 938 quo
759 892 881 940 saepe
899 878 1079 925 locutus
1101 892 1240 925 eram.

183 940 296 997 Quo
317 955 504 989 vereare
523 939 688 998 minus,
710 957 770 990 ne
792 943 876 989 sim
898 944 979 990 tibi
1001 943 1171 990 crimen
1193 944 1399 1002 amicus;

249 1005 492 1063 Invidiam,
515 1007 554 1055 si
574 1022 666 1069 qua
686 1015 768 1063 est,
791 1016 949 1056 auctor
969 1009 1134 1057 habere
1151 1016 1319 1072 potest.

178 1071 311 1121 Nam
332 1078 439 1119 tuus
460 1079 531 1121 est
549 1073 707 1136 primis
726 1073 874 1122 cultus
894 1074 1005 1122 mihi
1027 1090 1205 1138 semper
1225 1074 1281 1123 ab
1303 1073 1435 1123 annis

251 1136 389 1202 (Hoc
411 1138 505 1185 noli
527 1135 652 1186 certe
671 1137 974 1201 dissimulare)
997 1145 1151 1202 pater:

180 1200 243 1251 In
279 1203 522 1264 eniumque
535 1217 690 1251 meum
707 1205 859 1270 (potes
873 1207 976 1252 haec
990 1201 1272 1266 meminisse)
1288 1202 1526 1268 probabat:

317 1264 372 1316 us
392 1269 540 1324 etiam,
561 1265 698 1330 quam
718 1285 795 1316 me
804 1270 963 1332 judice
983 1270 1149 1332 dignus
1170 1284 1311 1318 eram.
1465 1271 1536 1315 30

179 1332 360 1395 Deque
379 1334 493 1381 meis
512 1334 592 1380 illo
614 1333 835 1381 referebat
853 1334 1058 1381 versibus
1079 1349 1175 1390 ore,

253 1396 315 1446 In
337 1411 429 1459 quo
447 1413 551 1462 pars
573 1398 681 1446 altae
700 1398 945 1447 nobilitatis
967 1404 1079 1446 erat.

179 1462 305 1514 Non
328 1462 569 1527 igitur-tibi
591 1478 726 1521 nunc,
749 1460 871 1528 quod
890 1477 967 1514 me
987 1464 1149 1512 domus
1168 1462 1260 1510 ista
1279 1461 1464 1525 recepit,

254 1529 351 1578 Sed
370 1527 495 1592 prius
515 1532 688 1579 auctori
709 1538 817 1578 sunt
836 1529 943 1577 data
962 1529 1100 1578 verba
1118 1535 1213 1574 tuo.

178 1595 297 1645 Nec
314 1594 417 1642 data
425 1601 543 1652 sunt,
553 1596 823 1652 mihicrede,
836 1602 1016 1642 tamen:
1045 1594 1125 1641 sed
1138 1590 1402 1640 inomnibus
1410 1591 1537 1647 actis,
1591 1616 1598 1621 ·

259 1659 440 1707 Ultima
460 1660 499 1707 si
521 1660 687 1717 demas,
706 1662 807 1709 vita
826 1661 995 1708 tuenda
1012 1674 1118 1707 mea
1136 1665 1223 1706 est.

185 1725 336 1774 Hanc
358 1740 549 1787 quoque,
573 1725 662 1787 qua
681 1726 807 1789 perii,
830 1726 1009 1789 culpam
1031 1724 1179 1773 scelus
1199 1737 1301 1772 esse
1323 1721 1522 1786 negabis,

258 1790 311 1838 Si
334 1791 449 1837 tanti
470 1792 612 1838 series
634 1792 693 1838 sit
712 1792 792 1838 tibi
814 1798 924 1838 nota
943 1791 1068 1839 mali.

184 1855 295 1905 Aut
317 1854 464 1912 timor,
488 1862 566 1903 aut
586 1871 712 1903 error
733 1857 876 1912 nobis,
899 1853 1023 1919 prius
1044 1853 1186 1904 obfuit
1206 1868 1346 1902 error.

260 1920 341 1968 Ah
363 1921 462 1968 sine
482 1936 557 1968 me
575 1920 657 1968 fati
679 1936 773 1968 non
796 1918 1059 1969 meminisse
1079 1919 1196 1968 mei!
1474 1920 1542 1963 40

188 1985 335 2035 Neve
356 1987 638 2034 retractando
660 1986 862 2034 nondum
883 1986 1094 2034 coeuntia
1114 1998 1319 2048 rumpam

260 2048 505 2109 Vulne'ra3
536 2052 616 2099 vix
636 2052 726 2098 illis
745 2051 947 2114 proderit
967 2053 1065 2115 ipsa
1085 2051 1225 2112 quies.

198 2114 339 2227 Ergo
360 2123 413 2162 ut
424 2117 530 2180 Jure
552 2117 711 2164 damus
731 2132 915 2180 poenas;
951 2119 1016 2164 sic
1036 2115 1177 2165 abfuit
1197 2127 1336 2179 omne

308 2187 462 2228 cecato
483 2181 658 2229 facinus
679 2184 1006 2244 consiliumque
1025 2197 1145 2230 meo.

194 2244 349 2307 quue
368 2244 504 2294 Deus
525 2249 693 2295 sentit:
731 2263 814 2310 pro
835 2263 927 2309 quo
944 2263 1028 2295 nec
1046 2247 1202 2294 lumen
1214 2245 1443 2293 ademtam
1458 2247 1541 2298 eut.

263 2308 370 2357 Nec
391 2313 503 2359 mihi
523 2313 745 2360 detractas
765 2313 965 2375 possidet
987 2313 1102 2360 alter
1122 2325 1247 2374 opes.

195 2373 411 2424 Forsitan
432 2378 548 2425 hanc
569 2378 711 2440 ipsam
736 2378 885 2440 (vivat
904 2375 1065 2439 modo)
1086 2375 1216 2424 finiet
1237 2374 1360 2430 olim,

264 2438 495 2504 Tempore
516 2439 620 2489 oum
641 2442 777 2489 fuerit
796 2443 944 2489 lenior
962 2443 1041 2498 ira,
1063 2441 1237 2503 fugam.

200 2504 345 2555 Nunc
366 2508 523 2569 precor
545 2508 652 2554 hinc
674 2504 761 2554 aliti
772 2507 932 2570 jubeat
952 2506 1213 2562 discedere;
1247 2503 1286 2551 si
1307 2517 1400 2550 non

269 2570 445 2619 Nostra
463 2573 720 2620 verecundo
741 2578 850 2618 vota
868 2571 1041 2634 pudore
1062 2577 1230 2617 carent.
1480 2566 1545 2610 50

200 2636 372 2687 Mitius
392 2637 617 2694 exsilium,
640 2636 879 2700 paulloque
897 2635 1204 2698 propinquius,
1226 2637 1366 2695 opto;

271 2699 456 2763 Quique
477 2702 537 2749 sit
557 2700 585 2749 a
605 2717 731 2751 saevo
750 2698 935 2765 longius
954 2701 1101 2757 hoste,
1121 2699 1289 2748 locum.
