1842 2966
328 143 426 187 ωε
615 123 622 125 ’
671 134 728 185 P.
762 132 1001 185 ovmn
1029 119 1334 185 NAsoms'

332 269 447 318 Non
468 268 577 316 mihi
599 268 946 315 divitiaa'dando
967 264 1139 331 majora
1152 265 1363 324 dedissoe‘,

400 333 641 383 Coelitibus
662 334 812 381 missis
826 340 983 380 nostra
1003 335 1086 380 sub
1107 349 1188 380 ora
1207 334 1362 380 tribus.

332 399 425 449 Est
444 400 614 460 aliquid¹
632 405 834 461 spectare
856 398 1002 454 DeoS,
1023 406 1071 446 et
1091 399 1248 446 adesse
1266 406 1455 461 putate3

399 464 466 511 Et
487 466 614 525 qua-si
636 480 740 511 cum
756 479 865 510 vero
887 464 1075 510 nurnine
1093 479 1229 525 posse
1247 464 1388 523 loqui.
1620 467 1681 510 lo

334 528 535 578 Praemia
555 537 735 591 quanta,
760 528 881 576 Dei!
908 545 993 575 nec
1015 545 1091 575 me
1112 536 1237 576 tenet
1258 528 1418 575 ultima
1439 528 1611 577 tellus:

264 606 267 608 ’
400 594 559 656 thue
579 593 716 658 prius,
739 591 888 642 media
909 609 1066 655 sospes
1086 595 1134 640 in
1161 593 1289 640 Urbe
1309 609 1482 641 moror.

336 658 575 710 Caesareos
597 661 729 708 video
751 660 917 715 vultus,
941 655 1197 710 velutante
1219 659 1425 709 videbam
1439 676 1453 705 :

392 724 498 772 ‘Vix
519 726 652 788 hujus
674 725 769 772 voti
793 740 895 786 spes
916 724 1006 770 fuit
1026 724 1119 771 ulla
1139 725 1267 771 mihi.

334 789 386 839 U
435 806 494 838 ue
514 791 774 843 salutabam,
799 805 968 836 numen
991 787 1177 840 coeleste
1199 790 1358 836 saluto.

450 856 540 904 uod
563 856 714 903 reduci
734 855 916 910 tribuas,
943 855 1009 901 nil
1032 853 1187 918 (puto)
1212 856 1356 918 majus
1377 854 1537 904 habea.

334 919 463 976 Quid
486 921 652 968 nostris
671 920 829 975 oculis,
854 920 941 966 nisi
964 920 1062 968 sola
1083 919 1259 972 Palatia
1281 920 1483 967 desunt?

366 1021 371 1026 .
402 986 493 1040 Qui
515 986 656 1039 locus,
680 985 827 1031 ablato
851 982 1049 1040 Caesare,
1072 985 1175 1032 vilis
1196 987 1296 1032 erit.

335 1050 480 1097 Hunc
499 1067 591 1112 ego
613 1048 716 1096 cnm
732 1057 943 1111 spectem,
966 1052 1123 1099 videor
1138 1051 1248 1098 mihi
1264 1066 1450 1099 eernere
1462 1049 1684 1099 Romam.

401 1116 528 1162 Nam
549 1115 707 1177 patriae
727 1115 889 1162 faciem
913 1117 1109 1163 sustinet
1129 1116 1205 1163 ille
1227 1131 1336 1163 suae.
1618 1121 1687 1164 m

333 1180 489 1230 Fauor
502 1181 525 1226 ’ἒ
549 1196 606 1228 an
628 1182 731 1227 irati
752 1181 862 1227 mihi
884 1189 992 1228 sunt
1012 1182 1059 1228 in
1080 1182 1279 1244 imagine
1300 1181 1485 1238 vultus3

398 1246 642 1308 Torvaque
663 1248 816 1293 nescio
838 1246 947 1307 quid
967 1246 1114 1294 forma
1135 1246 1348 1294 minantis
1369 1246 1544 1295 habet?

333 1309 492 1367 Parce,
516 1312 587 1359 vir
609 1313 830 1359 immenso
852 1314 995 1374 major
1016 1313 1256 1360 virtutibus
1278 1313 1400 1369 orbe,

395 1376 618 1438 Justaque
638 1377 852 1424 vindictae
874 1378 1100 1440 supprime
1114 1377 1218 1424 -lora
1238 1384 1345 1425 tuae.

333 1440 491 1497 Parce,
513 1458 686 1505 precor,
712 1443 820 1490 secli
843 1442 982 1491 decus
1002 1442 1237 1491 indelebile
1257 1443 1436 1502 nostri3

397 1508 644 1556 Terrarum
669 1509 902 1555 dominum
925 1524 1060 1568 quem
1083 1524 1164 1556 sua
1185 1524 1294 1555 cura
1312 1509 1437 1556 facit.

334 1573 427 1621 Per
445 1575 604 1637 patriae
623 1589 806 1628 nomen,
830 1588 934 1633 quae
955 1581 1002 1621 te
1024 1574 1103 1620 tibi
1127 1575 1271 1621 carior
1289 1575 1390 1636 ipso
1412 1581 1516 1634 θεὶς

400 1639 491 1686 Per
512 1655 758 1700 numquam
780 1639 940 1686 surdos
961 1640 1009 1686 in
1031 1646 1111 1686 tua
1131 1646 1239 1686 vota
1260 1637 1426 1696 Deos;

335 1702 516 1765 Perque
537 1706 626 1752 tori
649 1705 831 1757 sedam,
854 1719 960 1764 quae
980 1720 1061 1766 par
1081 1704 1161 1751 tibi
1176 1705 1274 1751 sola
1295 1712 1473 1768 reperta
1493 1711 1582 1762 est,

399 1770 467 1818 Et
488 1771 559 1816 cui
583 1771 792 1831 majestas
814 1783 906 1815 non
930 1784 1122 1816 onemsa
1141 1776 1221 1816 tua
1241 1777 1336 1827 est;
1618 1773 1688 1818 30

334 1834 515 1896 Perque
535 1836 617 1882 tibi
640 1835 831 1882 similem
853 1835 1033 1883 virtutis
1054 1836 1254 1898 imagine
1274 1843 1446 1891 natum,

398 1900 608 1948 Moribus
625 1901 812 1963 agnosci
832 1900 910 1960 qui
935 1907 1040 1947 tuus
1056 1915 1155 1947 esse
1175 1907 1326 1961 potest
1340 1917 1361 1958 ς

334 1965 515 2026 Perque
536 1973 652 2021 tuos,
676 1965 751 2013 vel
773 1982 872 2019 avo,
894 1966 971 2012 vel
994 1966 1156 2027 dignos
1176 1972 1303 2027 patre
1324 1971 1529 2027 nepotes,

401 2030 495 2085 Qui
518 2033 708 2077 veniunt
729 2046 899 2091 magno
919 2045 1002 2092 per
1024 2037 1102 2077 tua
1122 2038 1230 2077 vota
1251 2030 1428 2092 gradu3

334 2094 475 2144 Parte
494 2096 620 2142 leves
642 2093 828 2141 minima
848 2102 1027 2142 nostras
1048 2102 1095 2142 et
1115 2094 1330 2142 contrahe
1350 2110 1545 2158 poenas;

397 2160 577 2221 Daque,
598 2159 758 2222 procul
780 2160 997 2220 Scythico
1019 2161 1095 2221 qui
1117 2160 1176 2207 sit
1198 2162 1253 2207 ab
1274 2162 1418 2215 hoste,
1439 2160 1618 2208 locum.

333 2225 402 2275 Et
425 2232 516 2280 tua,
542 2227 604 2288 (si
624 2224 694 2270 fas
717 2223 810 2285 est)
834 2221 862 2270 ὲ
886 2221 1072 2274 Caesare
1092 2226 1298 2288 proxime
1322 2222 1496 2281 Caesar,

400 2289 608 2341 Numina
629 2290 721 2335 sint
739 2290 947 2351 precibus
970 2307 1061 2337 non
1083 2291 1265 2339 inimica
1286 2291 1412 2337 meis.

334 2356 411 2404 Sic
425 2354 522 2400 fera
542 2355 871 2416 quamprimum
894 2357 1058 2417 pavido
1082 2355 1330 2405 Germania
1348 2355 1483 2403 vultu

397 2420 523 2467 Ante
543 2420 870 2481 triumphantes
892 2436 1023 2468 serva
1035 2420 1207 2469 feratur
1228 2437 1384 2482 equos.
1612 2422 1682 2467 40

336 2485 413 2533 sie
433 2490 560 2546 pater
581 2485 628 2533 in
653 2485 825 2547 Pylios,
852 2485 1068 2534 Cumaeos
1090 2496 1236 2534 mater
1255 2490 1305 2534 in
1327 2501 1474 2534 annot

398 2548 601 2608 Vivant3
626 2558 670 2598 et
691 2552 838 2614 possis
860 2551 980 2599 filius
1001 2568 1102 2600 ease
1125 2552 1215 2601 diu.

329 2614 409 2664 Tu
428 2630 618 2677 quoque,
641 2617 918 2665 conveniens
939 2617 1115 2682 ingenti
1135 2624 1278 2681 nupta
1298 2617 1477 2675 marito,

396 2680 571 2746 Accipe
583 2697 684 2732 non
706 2679 819 2732 dura
837 2683 1052 2748 supplicia
1073 2698 1182 2734 aure
1202 2698 1389 2751 prem
