1842 2966
500 146 843 202 TRISTIUM
875 152 980 208 Lm,
1003 152 1094 204 IV.
1131 161 1174 205 1.
1405 162 1512 206 ποι

149 275 264 325 Hic
287 291 467 339 quoque
489 295 717 342 cognosco
736 283 898 331 natalis
918 285 1110 334 stamina
1130 288 1273 336 nostri
1284 304 1302 347 3

228 341 441 390 Stamina
460 344 516 390 de
537 346 670 407 nigro
689 348 856 395 vellere
873 349 996 398 facta
1015 352 1139 398 mihi.
1317 387 1322 392 -

150 404 333 467 'thue
350 424 437 455 nec
460 410 654 466 insidias,
678 413 921 475 capitisque
941 416 1140 476 pericula
1159 432 1349 474 narrem,

228 470 364 519 Vera
385 474 578 533 quidem,
601 474 711 524 vera
731 479 811 524 sed
829 480 1042 541 graviora
1060 480 1180 540 fide,;

154 534 345 584 Vivere
366 536 501 598 quam
522 541 735 588 miserum
757 550 827 590 est
854 546 974 591 inter
993 544 1252 609 Bessosque
1274 547 1507 609 Getasque

232 599 327 657 Illi,
352 605 430 663 qui
449 605 602 666 populi
623 622 797 669 semper
815 609 863 655 in
886 626 966 656 ore
984 610 1100 659 fuit!

161 664 328 721 Quam
350 669 578 725 miserum,
600 671 730 733 porta
749 674 888 719 vitam
911 690 1131 736 muroque
1150 678 1289 733 tueri2

232 730 423 795 Vixque
444 736 512 781 sui
531 742 681 782 tutum
701 737 869 785 viribus
890 755 990 787 esse
1010 741 1126 789 loci!
1443 743 1509 789 '70

162 796 354 858 Aspera
372 799 545 846 militiae
554 801 741 862 juvenis
761 806 1006 853 certamina
1023 805 1137 868 fugi,

232 860 344 908 Nec
365 863 451 910 nisi
469 864 623 912 lusura
643 868 869 915 movimus
889 885 1015 918 arma
1033 879 1199 919 manu.'

165 926 315 974 Nunc
338 929 488 976 senior
506 930 745 993 gladioque
763 933 895 989 latus,
917 943 1137 997 scutoque
1156 937 1396 993 sinistram,

237 990 467 1050 Canitiem
489 996 634 1057 galeae
655 998 927 1060 subjicioque
947 1017 1108 1049 meam.

167 1056 301 1106 Nam
326 1057 447 1106 dedit
469 1057 495 1106 ὲ
517 1061 696 1123 specula
715 1071 869 1112 custos
890 1067 964 1113 ubi
987 1068 1119 1129 signa
1139 1066 1375 1124 tumultus,

238 1120 480 1171 Induimur
501 1127 672 1188 trepida
689 1129 894 1190 protinus
913 1146 1039 1178 arma
1054 1147 1204 1179 manu.

169 1187 359 1243 Hostis»,
380 1189 546 1238 habens
568 1207 712 1249 arcus,
733 1194 993 1255 imbutaque
1012 1197 1103 1243 tela
1122 1212 1315 1255 veneno,

239 1252 406 1301 Saevus
425 1257 652 1306 anhelanti
671 1261 843 1306 moenia
861 1261 1026 1307 lustrat
1045 1275 1176 1321 equo.

169 1317 337 1379 thue
357 1335 494 1382 rapax
513 1324 746 1383 pecudem,
769 1339 872 1384 quae
894 1340 944 1370 se
966 1340 1058 1372 non
1079 1328 1193 1373 texit
1213 1328 1339 1384 ovili,

238 1382 338 1430 Per
357 1392 466 1440 sata,
488 1402 567 1447 per
589 1387 737 1443 silvas,
759 1387 938 1451 fertque
958 1390 1182 1456 trahitque
1201 1392 1366 1453 lupusg
1445 1397 1512 1441 80

164 1449 266 1505 Sic,
291 1449 331 1496 si
352 1465 485 1511 quem
508 1452 708 1512 nondum
729 1461 961 1515 portarum
983 1471 1090 1518 sepe
1110 1462 1339 1519 receptum

240 1514 468 1562 Barbarus
486 1517 535 1563 in
559 1519 727 1581 campis
746 1521 912 1581 reperit
933 1522 1090 1578 hostis,
1112 1523 1221 1585 egit.

164 1580 275 1628 Aut
296 1581 499 1641 sequitur
518 1592 687 1645 captus,
708 1587 1003 1648 conjectaque
1021 1586 1204 1634 vincula
1222 1588 1341 1635 collo

240 1645 436 1707 Accipit,
456 1654 536 1694 aut
555 1649 648 1695 telo
671 1649 794 1696 virus
814 1651 1007 1699 habente
1028 1653 1159 1699 cadit.

169 1710 274 1758 Hic
294 1725 383 1773 ego
404 1712 609 1760 sollicitae
618 1716 753 1776 Jaceo
776 1731 924 1764 novus
943 1717 1092 1764 incola
1113 1717 1245 1765 sedis.
1265 1742 1268 1747 ·

241 1775 353 1823 Heu
375 1775 561 1824 nimium
582 1779 662 1826 sati
682 1786 886 1843 tempora
905 1783 1046 1844 longa
1065 1784 1154 1829 mei
1174 1782 1184 1829 ἱ

171 1841 416 1892 Et=tamen
439 1844 495 1888 ad
516 1859 728 1892 numeros
749 1848 1021 1908 antiquaque
1042 1862 1167 1897 sacra
1187 1848 1350 1895 reverti

245 1906 449 1953 Sustinet
468 1908 515 1954 in
537 1911 674 1957 tantis
696 1912 872 1973 hospita
892 1911 1035 1959 Musa
1053 1912 1196 1960 malis.
1410 1909 1512 1975 [qui

174 1972 271 2021 Sed
283 1986 428 2032 neque
444 1974 515 2019 cui
533 1975 715 2022 recitem
732 1978 967 2037 quisquam
982 1986 1054 2025 est
1065 1994 1167 2025 mea
1182 1978 1403 2034 carmina3
1428 1992 1513 2024 nec

243 2036 443 2084 Auribus
464 2040 651 2101 accipiat
670 2042 806 2087 verba
828 2040 996 2088 Latina
1016 2044 1122 2091 suis.
1447 2046 1514 2090 90

179 2100 288 2164 Ipse
307 2102 416 2148 mihi
438 2103 569 2166 (quid
590 2106 711 2151 enim
732 2105 891 2153 faciam
907 2104 954 2167 2)
977 2109 1211 2169 scriboque
1231 2109 1457 2171 legoquez

245 2165 455 2228 Tutaque
467 2169 641 2229 judicio
661 2171 790 2216 litera
808 2177 967 2218 nostra
987 2188 1069 2220 suo
1090 2180 1176 2221 est.

177 2232 314 2293 Saepe
333 2237 484 2280 tamen
507 2233 613 2288 dixi,
639 2232 728 2282 cui
750 2250 870 2283 nunc
893 2238 991 2282 haec
1012 2252 1119 2284 cura
1136 2237 1339 2285 laborat?

245 2298 323 2342 An
344 2312 447 2344 mea
469 2298 749 2347 Sauromatae
770 2301 935 2362 scripta
956 2302 1181 2363 Getaeque
1199 2303 1356 2365 legent
1368 2301 1394 2347 i’

94 2388 109 2396 -
180 2360 314 2422 Saepe
335 2363 469 2408 etiam
489 2363 688 2411 lacrimae
710 2381 784 2413 me
805 2374 911 2412 sunt
932 2367 1154 2414 scribente
1173 2367 1381 2429 prosum,

246 2425 537 2488 Humidaque
558 2437 627 2475 est
648 2428 757 2477 fletu
778 2430 908 2478 litera
929 2430 1048 2479 facta
1067 2447 1185 2480 mec.

182 2489 362 2553 Corque
372 2499 552 2539 vetusta
563 2509 727 2549 meum,
750 2503 980 2556 tamquam
998 2512 1128 2551 nova,
1142 2496 1331 2543 vulnera
1347 2495 1510 2553 sentit3

247 2550 390 2617 Inque
411 2558 558 2604 sinum
580 2568 758 2606 moestae
776 2559 940 2606 labitur
960 2562 1101 2607 imber
1121 2576 1263 2622 aquae.

182 2618 302 2672 Cum
322 2623 421 2668 vice
442 2620 616 2670 mutata
636 2624 745 2684 quid
766 2625 851 2671 sim
871 2624 1122 2688 fuerimque
1142 2625 1365 2680 recordor,

245 2685 311 2736 Et
329 2687 483 2745 tulerit
503 2685 592 2751 quc}
613 2703 687 2735 me
709 2704 854 2746 casus,
875 2696 925 2736 ct
946 2691 1078 2748 unde,
1101 2691 1220 2739 subit
1232 2707 1249 2748 3
1417 2691 1513 2736 100
