1842 2966
328 191 637 248 nms'ron
659 196 761 248 Ex
782 194 1019 246 pomo
1053 159 1161 247 Li».
1185 194 1284 259 1v.¹
1314 200 1389 246 ιε.
1426 197 1529 271 2⁵¹

601 460 943 511 EPISTOLA
976 460 1100 510 XII.

751 607 1012 641 {eumenum

206 721 330 778 Quo
349 719 500 770 minus
512 722 560 770 in
582 724 751 771 nostris
763 725 962 787 ponaris,
986 723 1144 780 amice,
1163 722 1341 780 libellis,

276 786 492 835 Nominis
514 788 705 835 efficitur
726 790 986 837 conditione
1008 791 1091 836 tui.

206 853 305 902 Ast
326 869 416 916 ego
438 869 531 901 non
546 854 684 901 alium
707 852 831 916 prius
852 856 940 902 hoc
962 855 1174 917 dignarer
1193 855 1392 902 honoret

280 918 372 967 Est
394 920 556 981 aliquis
578 926 784 967 nostrum
807 921 844 967 si
866 918 1006 967 modo
1026 935 1209 967 carmen
1229 921 1393 968 honos.

213 984 321 1032 Lex
339 985 470 1047 ,pedis
491 985 653 1040 officio,
677 994 926 1048 naturaque
948 987 1146 1033 nominis
1167 986 1372 1033 obstant:

285 1048 481 1112 Quaque
502 1065 630 1097 meos
652 1051 799 1107 adeas,
822 1060 893 1099 est
913 1053 990 1098 via
1011 1053 1149 1106 nulla,
1172 1052 1350 1098 modos-

115 1143 120 1150 ι
217 1114 346 1164 Nam
366 1116 509 1178 pudet
528 1116 577 1163 in
599 1116 808 1178 geminos
829 1118 894 1163 ita
913 1132 1082 1163 nomen
1104 1115 1276 1164 findere
1296 1127 1471 1173 versun,

284 1179 485 1243 Desinat
504 1187 556 1227 ut
576 1183 700 1243 prior
721 1183 821 1234 hoc,
842 1182 1115 1243 incipiatque
1137 1182 1313 1232 minor:

189 1285 194 1289 .
219 1244 483 1308 Etpudeat,
507 1248 544 1292 ai
562 1254 622 1301 te,
640 1244 731 1307 quii
752 1246 926 1306 syllaba
943 1252 1072 1306 parte
1092 1253 1310 1303 moratur,

154 1312 161 1319 ’
285 1309 449 1358 Artius
471 1312 705 1374 adpellem,
728 1309 1098 1371 Tuticanumque
1116 1325 1296 1357 vocem.
1511 1314 1574 1359 10

225 1375 336 1431 Nec
353 1384 485 1440 potes
504 1378 554 1423 in
574 1391 758 1424 versum
781 1374 994 1423 Tuticani
1016 1390 1147 1422 more
1167 1376 1353 1434 venite;

293 1440 399 1490 Fiat
421 1450 473 1490 ut
496 1439 523 1489 ὲ
538 1440 680 1505 longa
702 1442 874 1504 syllaba
892 1442 1040 1503 prima
1052 1440 1219 1489 brevis.

230 1509 331 1557 Aut
350 1510 637 1573 producatur,
660 1522 767 1569 quae
789 1523 910 1554 nunc
931 1504 1182 1569 correptius
1204 1504 1301 1553 exit
1308 1523 1326 1565 ;

297 1573 366 1622 Et
387 1575 446 1621 sit
468 1571 676 1636 porrecta
696 1574 837 1635 longa
858 1573 1056 1620 secunda
1076 1570 1222 1620 mora.

237 1639 333 1687 His
354 1655 443 1702 ego
465 1641 504 1686 si
526 1640 646 1687 vitiis
668 1640 814 1687 ausim
829 1653 1121 1701 corrumpere
1135 1651 1318 1694 nomen,

299 1705 487 1760 Ridear‚
511 1711 558 1751 et
579 1702 743 1751 merito
762 1711 925 1766 pectus
945 1704 1109 1751 habere
1123 1718 1283 1766 neger.

236 1768 361 1817 Haec
376 1771 487 1817 mihi
509 1785 669 1817 caussa
688 1769 776 1817 fuit
797 1770 921 1816 dilati
942 1770 1145 1815 muneris
1165 1769 1312 1831 hujus,

301 1835 443 1891 Quod
459 1851 589 1883 meus
609 1836 783 1898 adjecto
803 1834 983 1883 foenore
997 1835 1154 1889 reddet
1169 1848 1294 1895 ager.

237 1901 401 1962 Teque
421 1916 580 1949 canam
604 1899 889 1962 quacumque
910 1897 1043 1946 nota:
1071 1900 1152 1945 tibi
1175 1896 1377 1949 carmina
1390 1898 1584 1954 mittam.

306 1962 437 2019 Pene
452 1968 563 2014 mihi
585 1982 725 2028 puero
748 1966 932 2028 cognite
953 1961 1071 2027 pene
1093 1980 1221 2026 puer.
1521 1969 1588 2012 20

244 2032 427 2093 Perque
448 2040 520 2080 tot
540 2046 764 2091 annorum
786 2032 962 2084 aer-iem,
987 2036 1099 2091 quot
1120 2029 1554 2092 habemusuterqne‚

307 2096 422 2145 Non
441 2099 567 2153 mihi,
590 2095 725 2157 quam
745 2095 872 2143 fratri
892 2094 1045 2150 frater,
1068 2101 1216 2142 amate
1235 2094 1407 2143 minua.

241 2162 321 2212 Tu
339 2163 488 2211 bonus
508 2154 723 2218 hortator,
740 2169 789 2209 tu
813 2163 996 2223 duxque
1016 2175 1259 2222 comesque
1276 2160 1418 2218 fuisti,
1512 2166 1519 2175 ”

313 2227 435 2279 cum
459 2243 666 2291 regerem
690 2225 847 2275 tenera
866 2225 997 2274 frena
1016 2227 1199 2274 novella
1220 2242 1373 2274 manu.

253 2295 386 2356 Saepe
407 2310 497 2357 ego
522 2293 698 2340 correxi
718 2294 799 2340 sub
822 2301 868 2340 te
891 2308 1082 2340 censore
1101 2292 1312 2349 libelloa;

260 2370 264 2374 '
321 2359 456 2422 Saepe
477 2360 555 2405 tibi
579 2359 813 2405 admonitu
829 2358 955 2405 facta
976 2359 1111 2405 litura
1124 2373 1229 2404 meo
1250 2365 1348 2404 est:

250 2428 459 2489 Dignam
483 2424 703 2471 Maeoniis
726 2422 970 2471 Phaeacida
990 2423 1184 2471 condere
1205 2423 1371 2470 chartis

320 2488 442 2541 cum
464 2496 512 2537 te
535 2489 740 2537 Pi‘e'rides
759 2489 1035 2549 perdocuere
1055 2496 1162 2536 tuae.

255 2559 353 2607 Hic
374 2564 520 2610 tenor,
543 2555 645 2602 haec
665 2554 798 2601 viridi
821 2554 1063 2601 concordia
1082 2559 1232 2616 coepta
1241 2550 1437 2616 Juventa

322 2621 469 2668 Venit
489 2620 546 2668 acl
568 2621 769 2667 albentes
789 2618 1043 2666 illabefacta
1064 2633 1232 2664 comas·
1531 2619 1602 2664 50

260 2686 384 2744 Quae
405 2686 492 2737 nini
513 2692 561 2732 te
580 2691 808 2739 moveant,
831 2684 946 2731 duro
968 2683 1045 2729 tibi
1068 2689 1252 2744 pectora
1270 2680 1391 2728 ferro

322 2750 459 2810 Esse,
480 2748 557 2807 vel
570 2750 906 2807 invictodauaa
926 2748 1166 2799 adamante
1183 2753 1353 2812 putem.
