1842 2966
329 121 429 167 ³48
671 119 729 168 Ρ.
761 114 996 170 OVIDII
1027 113 1337 169 NASONIS

336 249 429 298 Vel
451 249 542 311 qui,
564 266 669 312 quae
689 250 838 298 fuerat
858 256 1032 298 tutatus
1053 252 1226 299 moenia
1246 263 1391 315 saepe,

405 313 609 380 Corpore
629 317 839 364 lustravit
859 332 954 363 non
975 317 1187 363 diuturna
1209 332 1326 363 suo:

340 379 499 443 thue
521 383 691 430 novum
713 380 846 444 passa
863 397 1014 444 genus
1038 381 1414 445 Hippomeneide
1437 399 1607 447 poenae,

403 445 599 495 Tractus
619 442 854 495 in'Actaea
873 447 1018 494 fertur
1037 447 1215 494 adulter
1233 449 1405 496 humot

347 510 437 568 Sic,
462 514 537 560 ubi
559 514 654 561 vita
675 521 779 560 tuos
800 513 948 559 invisa
970 513 1197 574 reliquerit
1218 519 1360 569 artus,

413 578 604 627 Ultores
626 579 800 641 rapiant
821 584 955 640 turpe
975 578 1167 626 cadaver
1188 578 1309 639 equi.

344 641 540 692 Viscera
561 645 625 691 sic
646 644 807 705 aliquis
829 643 1040 705 scopulus
1063 650 1141 690 tua
1160 641 1274 705 figat
1292 662 1308 702 ;
1345 650 1399 691 ut
1423 646 1536 693 olim

414 708 533 758 Fixa
553 709 637 757 sub
657 707 865 757 Euboico
891 708 1035 771 Graja
1052 707 1181 755 fuere
1202 709 1324 757 sinu.
1601 716 1687 759 340

352 772 514 837 thue
531 773 664 823 ferox
684 774 816 836 periit
836 781 884 820 et
903 772 1096 820 fulmine
1117 780 1166 821 et
1187 788 1374 835 aequore
1393 785 1556 839 raptor
1572 796 1589 837 ;

419 839 498 888 sie
518 847 566 887 te
586 854 812 887 mersuras
834 839 1018 901 adjuvet
1037 837 1159 901 ignis
1179 853 1336 899 aquas.

352 903 497 953 Mens
518 920 697 967 quoque
712 901 778 951 sic
799 902 954 951 Furiis
975 917 1135 951 vecors
1156 905 1370 966 agitetur,
1395 914 1452 953 ut
1474 908 1555 965 illi,

423 969 584 1018 Unum
607 970 681 1016 cui
703 976 801 1015 toto
824 985 1014 1031 corpore
1033 970 1200 1019 vulnus
1222 976 1337 1017 erat.

358 1034 519 1096 thue
540 1034 816 1095 Dryantidae
833 1033 1107 1097 Rhodopeia
1126 1049 1270 1096 regna
1291 1038 1488 1094 tenenti,

425 1098 484 1147 In
505 1100 692 1163 gemino
715 1099 865 1162 dispar
886 1101 961 1147 cui
975 1100 1090 1163 pede
1109 1100 1260 1147 cultus
1279 1109 1395 1148 erat.

362 1164 435 1214 Ut
452 1164 539 1212 fuit
567 1164 725 1213 OEtaeo
746 1166 989 1227 quondam,
1012 1180 1275 1227 generoque
1296 1166 1567 1226 draconum,

425 1229 750 1292 Tisamenique
771 1232 902 1293 patri,
929 1228 1271 1291 Callirhoesque
1291 1232 1407 1280 viro.

359 1295 467 1346 Nec
487 1297 568 1344 tibi
589 1298 829 1357 contingat
848 1302 1058 1343 matrona
1075 1297 1278 1359 pudicior
1297 1296 1388 1354 illa,

431 1360 541 1418 Qua
559 1362 707 1425 potuit
727 1359 919 1423 Tydeus
940 1361 1172 1408 erubuisse
1193 1377 1325 1409 nuru.
1607 1372 1695 1416 350

366 1427 581 1490 Quaeque
602 1428 673 1475 sui
694 1425 927 1474 Venerem
939 1427 1099 1490 junxit
1118 1442 1222 1473 cum
1244 1427 1385 1476 fratre
1404 1432 1578 1489 mariti,

434 1493 598 1542 Locris
618 1494 666 1541 in
689 1494 866 1543 ancillae
885 1492 1166 1540 dissimulata
1186 1509 1358 1542 necem.

368 1559 439 1609 Di
459 1574 641 1621 quoque
656 1566 749 1606 tam
770 1558 940 1606 faciant
958 1559 1107 1620 possis
1127 1559 1327 1620 gaudere
1342 1559 1472 1609 fider:

438 1623 665 1688 Coniuge,
689 1622 825 1686 quam
847 1621 992 1680 Talai,
1015 1621 1338 1686 Tyndareique
1357 1642 1520 1689 gener.

373 1690 608 1752 Quaeque,
621 1705 780 1753 parare
803 1689 896 1736 suis
916 1689 1058 1736 letum
1079 1690 1357 1752 patruelibus
1377 1706 1519 1752 ausae,

438 1755 636 1811 Belides,
658 1753 845 1802 adsidua
865 1754 983 1802 colla
1001 1761 1270 1816 premuntur
1289 1755 1420 1818 aqua.

372 1821 597 1885 Byblidos
620 1828 666 1868 et
690 1818 909 1876 Canaces,
935 1821 1051 1867 sicut
1070 1818 1195 1876 facis,
1218 1822 1372 1869 ardeat
1391 1824 1535 1886 igne:

442 1886 563 1942 Nec,
585 1886 672 1934 nisi
693 1901 776 1948 per
795 1887 980 1943 crimen,
1005 1886 1065 1932 sit
1085 1886 1164 1932 tibi
1189 1893 1299 1933 nota
1321 1902 1463 1937 soror.

379 1952 500 2002 Filia
522 1952 560 1999 si
579 1952 743 2010 fuerit;
778 1952 839 1999 sit
857 1952 981 2012 quod
1003 1949 1202 2014 Pelopea
1222 1950 1458 2014 ssyestae,

445 2015 647 2079 Myrrha
668 2033 751 2064 suo
770 2017 901 2080 patri,
926 2015 1293 2078 Nyctimeneque
1316 2034 1398 2065 suo
1411 2014 1447 2067 ε’
1615 2024 1713 2103 3.

381 2082 519 2131 Neve
540 2084 688 2145 magis
708 2083 785 2145 pia
805 2083 876 2138 sit,
900 2082 1123 2145 capitique
1142 2083 1343 2144 parentis
1363 2086 1524 2144 amica,

453 2145 606 2202 Quam
623 2148 703 2194 tibi
724 2147 812 2203 vel,
838 2147 1032 2203 Pterela,
1054 2148 1130 2195 vel
1151 2148 1244 2203 tibi,
1268 2147 1398 2207 Nise,
1419 2151 1535 2202 fuit:

385 2212 705 2274 Infamemque
724 2212 875 2259 locum
894 2213 1076 2260 sceleris
1098 2226 1201 2274 quae
1216 2215 1403 2262 nomine
1416 2215 1538 2278 fecit,

454 2276 631 2324 Pressit
650 2283 697 2323 et
717 2277 913 2325 inductis
933 2278 1137 2326 membra
1155 2285 1344 2340 paterna
1358 2283 1485 2331 rotis.

386 2341 460 2391 Ut
472 2344 669 2404 juvenes
689 2357 861 2402 pereas,
883 2358 1075 2404 quorum
1095 2342 1281 2406 fastigia
1297 2344 1455 2394 vultus
1534 2390 1539 2397 .

325 2464 330 2468 ⁴
452 2407 578 2454 Olim
601 2404 753 2452 Piseae
775 2408 1033 2454 sustinuere
1050 2404 1176 2456 soris.

391 2471 461 2520 Ut
483 2472 558 2534 qui
580 2470 806 2533 pertusam
828 2473 1099 2520 miserorum
1122 2489 1244 2536 saepe
1262 2490 1508 2537 procorum

459 2535 568 2597 Ipse
590 2551 673 2582 suo
696 2534 857 2582 melius
879 2539 1102 2600 sanguine
1122 2540 1486 2594 tinxit'humum.

392 2600 606 2651 Proditor
628 2607 679 2648 ut
701 2602 813 2647 saevi
835 2603 970 2662 periit
988 2603 1148 2666 auriga
1167 2607 1364 2666 tyranni,

463 2665 557 2720 Qui
581 2680 704 2714 nova
725 2664 934 2739 Myrtoae
956 2669 1146 2718 nomina
1164 2669 1274 2720 fecit
1293 2686 1449 2735 aquae.
1626 2685 1712 2732 370
1788 2682 1789 2697 ³
