1842 2966
554 129 939 182 FASTORUM
973 130 1193 183 mlv,
1485 135 1544 179 ⁸1

178 261 388 325 Perque
407 264 534 312 vices
552 261 704 321 modo,
729 262 1033 326 Persephone,
1052 261 1201 320 modo,
1219 262 1352 321 Filia,
1369 261 1552 310 clamat.

261 326 472 385 Clamat,
494 336 543 376 et
563 330 746 377 alternis
768 344 936 376 nomen
958 336 1199 390 utrumque
1218 331 1325 376 ciet.

187 393 297 443 sed
318 409 471 455 neque
494 394 784 457 Persephone
803 393 1035 449 Cererem,
1059 409 1205 455 neque
1225 394 1318 441 fllia
1336 399 1533 441 matrem

261 457 443 506 Audit:
473 468 520 507 et
538 460 722 508 alternis
743 474 912 506 nomen
933 466 1175 519 utrumque
1193 460 1327 520 perit·

190 521 423 586 Unaque,
443 531 671 587 pastorem
692 525 879 572 vidisset
893 539 952 570 an
969 539 1077 570 arva
1097 524 1336 579 colentem,

265 588 387 636 Vox
407 598 516 645 erat,
542 587 648 637 Hac
663 605 849 652 gressus
871 591 1000 651 siqua
1019 589 1170 651 puella
1189 588 1323 634 tulit?

189 651 309 703 Jam
322 655 464 702 color
484 670 602 703 unus
616 656 735 702 inest
755 656 915 711 rebus;
944 655 1231 716 tenebrisque
1252 658 1474 718 teguntur

265 718 469 767 Omnia:
488 722 586 783 jam
606 721 770 783 vigiles
791 722 1051 767 conticuere
1072 734 1224 766 canes.
1452 719 1555 768 490

98 849 106 856 η
195 783 318 831 Alta
327 786 459 848 jacet
479 787 596 833 vasti
618 802 752 848 super
772 802 853 833 ora
871 785 1120 848 Typhoeos
1142 785 1301 842 AEtne,

236 861 245 867 ’
268 848 422 913 Cujus
444 852 661 899 anhelatis
682 852 862 914 ignibus
883 852 1010 898 ardet
1030 853 1211 898 humus.

194 911 305 962 Ime
328 916 538 965 accendit
556 919 761 980 geminas
782 932 865 980 pro
884 916 1092 979 lampade
1111 917 1270 979 pinusz

267 978 403 1028 Hinc
426 979 608 1030 Cereris
630 984 767 1030 sacris
789 997 910 1029 nunc
925 998 1107 1043 quoque
1128 982 1249 1029 taeda
1270 982 1417 1033 datur.

202 1043 298 1093 Est
320 1061 484 1109 specus
505 1049 629 1095 exesi
651 1046 877 1095 structura
893 1048 1086 1110 pumicis
1105 1062 1259 1110 aspen

269 1110 388 1159 Non
403 1113 578 1163 bomini
595 1114 736 1177 regio,
761 1129 852 1161 non
868 1114 1073 1161 adeunda
1083 1112 1194 1160 ferae
1207 1131 1222 1161 z

206 1174 322 1232 Quo
345 1178 482 1225 simul
503 1193 557 1226 ac
577 1180 718 1234 venit,
740 1178 940 1226 frenatos
963 1179 1164 1226 curribus
1186 1190 1362 1241 angues

271 1240 308 1291 J
307 1244 458 1305 ungit,
478 1251 525 1291 et
548 1259 779 1306 aequoreas
793 1245 913 1291 sicca
932 1250 1135 1305 pererrat
1154 1258 1306 1305 aquas.

202 1306 392 1371 Effi1git
411 1317 471 1356 et‘
481 1309 657 1370 Syrtes,
679 1318 727 1357 et
746 1317 808 1365 te,
829 1309 1046 1356 Zanclaea
1066 1307 1322 1370 Chmybdi3

270 1371 340 1421 Et
360 1389 458 1430 vos,
483 1374 643 1431 Nisaei,
667 1375 886 1437 naufraga
901 1380 1116 1429 monstra,
1142 1388 1307 1430 canes3
1452 1373 1555 1420 500

206 1436 580 1502 Hadriacumque
599 1448 761 1505 patens
780 1436 888 1495 late,
909 1440 1217 1500 bimaremque
1238 1435 1511 1490 Corinthon·

271 1505 352 1552 Sic
373 1507 501 1553 venit
513 1508 570 1554 ad
589 1515 762 1569 portus,
786 1506 947 1553 Attica
969 1512 1104 1559 terra,
1125 1511 1246 1550 tuos.

212 1569 311 1618 Hie
331 1572 530 1633 primum
551 1573 668 1619 sedit
687 1570 842 1635 gelido
861 1570 1156 1617 moestissima
1178 1584 1306 1617 saxo.

272 1634 397 1683 Illud
414 1634 681 1699 Cecropidae
697 1649 820 1684 nunc
831 1650 1011 1699 quoque
1031 1635 1161 1683 triste
1182 1638 1366 1684 vocant.

213 1700 444 1750 Sthove
464 1702 644 1749 duravit
663 1702 820 1749 multis
840 1703 1031 1748 immota
1045 1700 1214 1757 diebus,
1377 1723 1378 1728 =

272 1766 339 1814 Et
356 1766 507 1814 Lunae
527 1767 718 1830 patiens,
740 1775 788 1815 et
806 1767 1017 1830 pluvialis
1037 1781 1182 1827 aquae.

208 1830 330 1880 Fors
351 1848 434 1879 sua
452 1833 615 1894 cuique
629 1833 733 1880 loco
753 1842 850 1880 est:
877 1847 970 1893 quo
990 1846 1114 1879 nunc
1128 1830 1333 1883 Cerealis
1345 1829 1554 1888 Eleusin.

275 1896 461 1945 Dicitur
483 1897 570 1945 hoc
595 1895 725 1946 Celei
745 1913 851 1945 rura
868 1896 1011 1945 fuisse
1032 1898 1168 1944 senis.

212 1960 299 2010 Ille
320 1962 505 2010 domum
527 1963 719 2025 glandes
740 1975 1021 2024 excussaque
1041 1977 1170 2009 mora
1190 1961 1361 2010 rubetis

274 2026 448 2082 Portat,
472 2035 520 2075 et
539 2029 707 2075 arsuris
727 2028 851 2076 arida
869 2029 998 2091 ligna
1016 2026 1147 2075 focis.
1455 2025 1557 2076 510

216 2091 334 2141 Filia
351 2107 492 2155 parva
512 2094 623 2141 duas
646 2094 877 2155 redigebat
898 2109 1010 2157 rupe
1031 2092 1253 2156 capellan

284 2157 352 2206 Et
371 2166 499 2206 tener
519 2159 568 2204 in
590 2160 719 2206 cunis
738 2158 857 2206 filius
881 2174 1006 2220 aeger
1026 2166 1138 2206 erat.

214 2222 380 2278 Mater,
397 2225 461 2270 ait
477 2224 622 2286 virgo,
648 2225 796 2288 (mota
815 2232 887 2271 est
909 2223 1017 2271 Dea
1038 2225 1222 2271 nomine
1241 2218 1426 2283 matris)

278 2288 405 2343 Quid
423 2288 535 2336 facis
557 2290 604 2336 in
628 2290 737 2337 solis
758 2290 1021 2337 incomitata
1031 2288 1197 2353 jugis?

215 2352 401 2401 Restitit
422 2362 470 2400 et
492 2355 654 2412 senior,
678 2356 885 2416 quamvis
901 2370 1017 2403 onus
1038 2362 1229 2417 urguet:
1258 2360 1307 2401 et
1326 2357 1429 2401 orat

277 2417 420 2467 Tecta
436 2434 532 2467 suae
554 2420 710 2467 subeat
731 2420 1142 2482 quantulacumque
1162 2434 1297 2466 casae.

217 2482 303 2532 Illa
324 2491 490 2548 negata
520 2483 776 2549 (simularat
795 2500 948 2540 anum,
969 2482 1189 2546 miti-Que
1203 2483 1391 2548 capillos

255 2548 533 2612 .Rressemt)
557 2551 745 2599 instanti
765 2551 875 2597 talia
894 2551 1016 2598 dicta
1035 2550 1198 2597 refert:

218 2614 281 2665 so
401 2631 489 2672 eas,
512 2631 779 2679 semperque
798 2630 961 2678 parens
976 2634 989 2663 ε
1007 2616 1127 2672 xmihi
1146 2614 1241 2661 filia
1260 2619 1390 2679 rapta
1408 2616 1494 2662 este

336 2696 390 2729 eu
410 2681 571 2730 melior
591 2688 760 2746 quanto
782 2695 881 2729 sors
897 2688 977 2730 tua
998 2688 1121 2731 sorte
1140 2678 1275 2728 mea?
1423 2717 1426 2722 .
1458 2676 1557 2723 ⁵20
