1842 2966
366 84 677 141 EPISTOL.
696 85 796 135 EX
821 85 1052 136 PONTO
1074 87 1183 137 Ln-
1205 87 1274 139 ΙΙ.
1307 93 1356 139 5.
1442 87 1547 150 »277

178 215 346 275 Quod
368 220 408 268 si
427 216 549 268 forte
568 218 680 266 liber
701 224 874 266 vestras
893 219 1102 281 pervenit
1122 220 1179 267 ad
1200 235 1329 269 aures
1345 239 1363 282 3

253 283 497 341 Tutelam,
520 285 699 339 mando,
718 285 884 331 sentiat
904 284 981 331 ille
1002 291 1140 332 tuam.

180 348 317 397 Hoc
339 352 422 397 tibi
439 350 628 406 facturo,
652 349 728 396 vel
749 350 787 397 si
811 365 902 396 non
921 351 1039 411 ipse
1043 365 1263 412 rogarem,

265 415 477 462 Accedat
498 414 705 462 cumulus
726 416 884 477 gratia
889 421 1045 462 nostra
1064 416 1196 462 levis.

177 478 314 527 Non
339 496 429 542 ego
449 471 710 536 laudandus,
737 481 817 527 sed
838 487 945 526 sunt
967 487 1045 527 tua
1064 487 1262 558 pectora,
1284 482 1417 539 lacte,

265 496 400 592 Eteg
362 562 456 593 non
478 544 649 592 calcata
668 545 924 593 candidiora
945 546 1063 593 nive.

185 609 481 672 Mirm-isque
502 610 626 665 alios,
651 607 754 656 cum
775 611 840 656 sis
861 609 1107 658 mirabilis
1094 626 1224 673 ipse3

264 674 375 723 Nec
395 676 566 723 lateant
587 682 718 731 artes,
742 674 1058 751 eloquiumque
1078 682 1222 724 tuum.
1483 681 1549 725 40

185 738 300 789 Te
278 756 505 803 Juvenum
532 739 763 802 Princeps,
786 741 860 786 cui
881 741 958 787 dat
982 742 1228 789 Germania
1249 756 1432 801 nomen,

267 805 547 868 Participem
571 806 704 854 studii
730 802 888 853 Caesar
908 807 1072 852 habere
1095 807 1225 855 solet.

190 869 277 919 Tu
301 886 457 919 comes
479 872 702 931 antiquus,
726 877 775 917 tu
797 870 954 932 primis
965 872 1154 933 junctus
1177 874 1232 921 ab
1253 873 1396 930 annis,

265 934 466 999 Ingenio
488 951 636 983 mores
659 936 973 997 aequiparante,
995 936 1158 998 places.

201 1000 281 1049 Te
299 1002 480 1049 dicente
500 998 624 1063 prius
645 998 698 1046 fit
717 1001 923 1063 protinus
945 1002 1138 1064 impetus
1160 1003 1249 1051 illi.

266 1065 433 1127 Teque
453 1067 599 1121 habet,
616 1066 769 1112 elicias
790 1066 866 1127 qui
889 1082 971 1113 sua
992 1068 1130 1115 verba
1149 1070 1255 1117 tuis.

198 1129 329 1182 Cum
353 1139 403 1179 tu
426 1132 593 1187 desisti,
613 1132 907 1191 mortaliaque
929 1146 1008 1178 ora
1027 1131 1253 1193 quierunt,

268 1194 529 1258 Clausaque
550 1211 642 1243 non
663 1194 805 1257 longa
825 1197 1083 1243 conticuere
1102 1197 1265 1256 mora;

198 1262 369 1324 Surgit
391 1261 558 1309 Iuleo
537 1261 726 1325 Juvenis
746 1261 1020 1321 cognomine
1043 1260 1220 1336 dignus,

272 1327 439 1382 Qualis
462 1328 516 1374 ab
538 1327 654 1374 Eois
676 1324 863 1373 Lucifer
885 1326 980 1371 exit
1002 1326 1143 1386 aquis.
1484 1330 1551 1376 50

200 1392 428 1454 Dumque
449 1392 586 1440 silens
608 1392 766 1445 adstat,
791 1396 936 1437 status
958 1397 1030 1437 est
1049 1391 1292 1452 vultusque
1310 1391 1533 1449 diserti,

175 1474 183 1477 ⁴
272 1458 500 1521 Spemque
522 1453 686 1506 decens
708 1457 854 1504 doctae
876 1456 1003 1503 vocis
1025 1457 1216 1504 amictus
1237 1456 1386 1504 habet.

199 1525 343 1579 Mox,
367 1524 440 1570 ubi
459 1524 590 1586 pulsa
610 1538 739 1570 mora
759 1529 843 1576 est,
866 1530 1002 1583 atque
1025 1538 1076 1568 os
1099 1523 1289 1570 coeleste
1311 1522 1524 1583 solutum,

272 1588 383 1636 Hoc
408 1588 629 1651 Superos
609 1604 740 1651 Jures
760 1603 887 1634 more
910 1588 1056 1634 solere
1070 1588 1210 1649 loqui.

202 1655 377 1715 Atque,
401 1653 523 1703 Haec
546 1662 628 1709 est,
653 1654 787 1708 dicas,
808 1652 1019 1700 facundia
1041 1651 1253 1716 Principe
1274 1653 1442 1715 digna:

279 1719 471 1780 Eloquio
487 1725 663 1766 tantum
686 1719 930 1766 nobilitatis
952 1719 1084 1766 inest.

204 1782 339 1833 Huic
356 1792 405 1831 tu
428 1782 530 1831 cum
551 1785 743 1847 placeas,
768 1791 815 1830 et
834 1784 1004 1830 vertice
1026 1784 1173 1831 sidera
1193 1790 1369 1846 tangas,

276 1850 451 1912 Scripta
472 1856 626 1896 tamen
648 1848 829 1912 profugi
851 1849 970 1895 vatis
991 1849 1196 1896 habenda
1214 1857 1360 1911 putas.

210 1915 401 1964 Scilicet
420 1915 615 1977 ingeniis
637 1915 786 1975 aliqua
808 1920 878 1960 est
899 1915 1139 1962 concordia
1150 1915 1337 1976 Junctis,

273 1979 341 2027 Et
362 1978 512 2027 servat
533 1980 668 2027 studii
688 1978 860 2026 foedera
878 1980 1068 2040 quisque
1085 1980 1168 2026 sui.
1483 1983 1550 2026 60

208 2045 431 2094 Rusticus
451 2045 708 2107 agricolam,
732 2046 861 2092 miles
883 2044 980 2091 fera
999 2045 1117 2092 bella
1136 2049 1386 2106 gerentem,

277 2110 519 2157 Rectorem
542 2109 692 2157 dubiae
713 2111 866 2157 navita
884 2111 1046 2173 puppis
1067 2117 1203 2157 amat.

210 2174 291 2224 Tu
311 2191 489 2237 quoque
513 2174 744 2222 Pieridum
766 2176 930 2232 studio,
955 2176 1167 2231 studiose,
1184 2176 1384 2234 oeneri83

278 2239 558 2302 Ingenioque
571 2240 713 2296 faves,
735 2241 984 2303 ingeniose,
1007 2257 1125 2289 meo.

211 2305 368 2355 Distat
389 2321 503 2368 opus
523 2313 761 2364 nostrum3
796 2307 875 2352 sed
894 2298 1094 2353 fontibus
1116 2307 1211 2352 exit
1230 2306 1286 2352 ab
1307 2305 1481 2353 isdem·

276 2371 401 2418 Artis
422 2377 469 2418 et
490 2371 704 2433 ingenuae
724 2371 871 2418 cultor
893 2374 1082 2432 uteique
1105 2386 1276 2418 sumus.

213 2434 420 2497 Thyrsus
441 2436 563 2483 enim
584 2436 725 2491 vobis,
748 2444 927 2497 gestata
948 2444 1020 2483 est
1040 2438 1192 2494 laurea
1215 2436 1371 2483 nobis·
1355 2470 1373 2494 ,

278 2501 366 2551 Sed
385 2508 537 2548 tamen
560 2503 774 2549 ambobus
796 2501 929 2548 debet
949 2503 1099 2549 inesse
1118 2502 1258 2551 calor.

214 2566 265 2615 U
312 2582 367 2614 ue
382 2568 497 2614 meis
518 2567 720 2614 numeris
740 2573 818 2613 tua
839 2566 916 2614 dat
936 2565 1146 2614 facundia
1167 2581 1363 2621 nervon

314 2633 352 2678 ‘c
373 2632 499 2680 venit
519 2629 547 2681 ὲ
563 2633 692 2681 nobis
707 2632 755 2679 in
777 2639 857 2696 tua
875 2633 1015 2681 verba
1036 2633 1172 2679 nitor.
1485 2628 1550 2675 70

212 2711 314 2745 vor..
345 2710 418 2749 m.
1079 2701 1111 2743 2
1135 2711 1163 2742 s
