1842 2966
279 111 343 156 ss
619 104 681 155 r.
700 67 950 153 fovum
979 103 1284 153 menum

280 235 350 284 Ut
368 252 518 298 gastius
539 236 799 293 audierunt3
835 237 1013 287 animos
1030 242 1161 299 pater
1181 236 1329 284 edium
1350 244 1499 299 auget
1517 254 1533 284 ε

343 301 411 348 Et
430 301 567 362 pudet
591 303 638 348 in
659 304 814 364 paucis
837 317 1010 350 nomen
1027 302 1192 349 babere
1213 302 1345 349 casis.

276 366 597 428 Romuleoque
618 368 736 415 cadit
755 370 970 431 traiectus
991 368 1206 414 Amulius
1225 383 1366 415 ense:

338 431 600 494 Regnaque
619 433 833 495 longaevo
855 434 1155 480 restituuntur
1177 448 1278 479 avo.

278 495 462 550 Moenia
483 499 768 546 conduntur:
806 514 921 561 quae,
946 498 1149 561 quamvis
1165 513 1307 559 parva
1324 497 1538 553 fuerunt,
1649 533 1660 539 .

344 561 456 609 Non
479 570 631 611 tamen
647 565 847 627 expediit
863 564 1147 611 transiluisse
1166 563 1335 610 Remo.
1583 566 1669 611 '70

248 628 252 632 Α
277 627 399 683 Jam,
421 627 558 677 modo
579 628 670 692 qua
688 631 868 677 fueram
888 629 1034 684 silvae,
1054 644 1362 691 pecorumque
1382 643 1634 685 recessus,

261 750 267 759 ‹
346 693 469 742 Urbs
492 703 588 743 erat
607 714 618 742 :
659 701 845 742 aeternae
867 691 972 740 cum
993 702 1121 756 pater
1145 694 1284 741 Urbis
1307 695 1399 741 ait:

278 758 466 807 Arbiter
486 776 728 815 armorum,
751 756 807 805 de
828 760 959 821 cujus
973 760 1197 821 sanguine
1211 767 1346 806 natus

348 823 555 883 Credor;
578 834 625 871 et
647 833 699 871 ut
721 824 882 871 credar
901 826 1097 887 pignora
1118 832 1243 872 certa
1262 825 1401 871 dabo:

280 889 337 938 A*
364 898 411 937 te
432 891 700 953 principium
722 888 940 936 Romano
958 891 1164 937 ducimus
1184 905 1333 938 anno:

347 955 530 1002 Primus
553 955 609 1001 de
630 956 777 1017 patrio
799 957 984 1003 nomine
1005 957 1176 1002 mensis
1196 962 1284 1002 eat.
1313 990 1318 995 .

279 1019 393 1067 Vox
416 1028 514 1067 rata
533 1019 598 1074 fit,
619 1022 855 1082 patrioque
875 1029 1012 1069 vocat
1033 1022 1090 1067 de
1112 1022 1297 1067 nomine
1317 1033 1548 1067 mensem.

347 1083 531 1132 Dicitur
554 1086 653 1132 haec
674 1087 821 1148 pietas
839 1093 973 1150 grata
992 1086 1135 1137 fuisse
1157 1084 1285 1134 Deo·
1437 1096 1443 1109 ³

280 1150 349 1199 Et
368 1157 522 1197 tamen
544 1156 653 1197 ante
670 1167 829 1201 omnes
851 1152 1055 1200 Martem
1076 1151 1259 1199 coluere
1277 1152 1465 1214 priores.

318 1232 325 1236 ¹
349 1214 459 1262 Hoc
482 1216 666 1265 dederat
684 1219 845 1266 studiis
864 1219 1026 1265 bellica
1045 1219 1177 1267 turba
1198 1219 1308 1264 suis.
1331 1252 1336 1257 -
1584 1220 1670 1264 80

280 1280 470 1329 Pallada
493 1279 772 1346 Cecropidae,
797 1283 981 1330 Minoia
1001 1282 1144 1331 Creta
1166 1282 1384 1338 Dianam,

345 1345 608 1394 Vulcanum
630 1349 764 1397 tellus
787 1348 1082 1411 Hypsipylea
1101 1348 1241 1395 colit:

281 1410 516 1462 Junonem
540 1414 714 1477 Sparte,
739 1415 1128 1478 Pelopeiadesque
1148 1414 1397 1475 Mycenae-z

348 1478 614 1543 Pinigerum
638 1479 788 1529 Fauni
809 1481 1027 1529 Maenalis
1048 1496 1129 1529 ora
1149 1487 1300 1543 caput.

285 1544 419 1598 Mars
443 1543 578 1596 Latio
600 1548 887 1594 venerandus
909 1556 1018 1601 erat,
1041 1546 1150 1608 quia
1168 1544 1383 1608 praesidet
1402 1541 1569 1593 armis.
1647 1583 1662 1589 -

349 1610 496 1659 Arma
515 1610 629 1659 ferae
647 1614 777 1676 genti
798 1627 985 1673 remque
1006 1611 1236 1673 decusque
1253 1611 1434 1658 dabant.
1502 1601 1511 1620 ”

285 1673 427 1731 Quod
449 1677 487 1723 si
506 1673 627 1724 forte
649 1692 796 1732 vacas,
818 1678 1086 1739 peregrinos
1106 1677 1280 1738 inspice
1303 1674 1493 1724 Fastos:

351 1741 532 1788 Mensis
553 1743 602 1788 in
623 1743 695 1788 his
715 1743 852 1789 etiam
874 1742 1060 1789 nomine
1080 1740 1251 1788 Martis
1271 1742 1372 1789 erit.

283 1804 473 1854 Tertius
495 1806 701 1862 Albanis,
724 1807 907 1868 quintus
928 1806 1017 1853 fuit
1037 1807 1113 1854 ille
1135 1806 1327 1854 Faliscis
1343 1824 1357 1853 t

354 1871 523 1919 Sextus
544 1872 662 1934 apud
682 1871 886 1934 populos,
913 1871 1122 1922 Hernica
1138 1879 1275 1927 terra,
1297 1877 1416 1919 tuos.
1584 1875 1666 1920 90

288 1935 418 1984 Inter
444 1937 669 1992 Aricinos,
696 1937 964 1998 Albanaque
985 1945 1192 2002 tempora
1205 1944 1419 1988 constant

352 2001 583 2064 Factaque
604 2001 832 2065 Telegoni
854 2004 1025 2051 moenia
1045 2004 1169 2052 celsa
1188 2018 1341 2050 manu.
1381 2010 1393 2018 '

288 2066 513 2123 Quintum
540 2066 816 2124 Laurentes,-
828 2069 899 2115 bis
917 2070 1126 2130 quintum
1141 2067 1413 2130 AEquicolus
1433 2079 1593 2128 asper,

353 2132 410 2179 A*
435 2133 578 2179 tribus
599 2134 721 2180 hunc
740 2135 938 2197 primum
959 2136 1091 2182 turba
1113 2133 1335 2183 Curensis
1357 2132 1503 2180 babet.

289 2197 358 2247 Et
379 2197 459 2244 tibi
475 2213 580 2244 cum
596 2199 788 2260 proavis,
811 2201 943 2248 miles
959 2200 1165 2263 Peligna
1190 2199 1372 2248 Sabinis

354 2260 615 2311 Convenit:
654 2265 728 2312 hic
748 2267 877 2328 genti
893 2274 1081 2328 quartus
1102 2266 1284 2327 utrique
1304 2262 1454 2312 Deus.

287 2328 531 2383 Romulus,
555 2330 640 2377 hos
661 2346 820 2378 omnes
842 2339 894 2379 ut
914 2332 1122 2379 vinceret
1142 2331 1300 2380 ordine
1320 2328 1495 2384 saltem,

356 2392 605 2455 Sanguinis
623 2398 798 2444 auctori
817 2404 1026 2460 tempora
1043 2398 1189 2460 prima
1208 2395 1347 2443 dedit.

290 2458 396 2507 Nec
417 2460 607 2507 totidem
627 2469 818 2518 veteres,
840 2470 955 2526 quot
974 2477 1110 2518 nunc,
1133 2462 1329 2509 habuere
1351 2457 1611 2507 Kalendas-

357 2521 445 2572 Ille
465 2526 615 2574 minor
634 2529 831 2590 geminis
851 2528 1081 2575 mensibus
1096 2541 1248 2576 annus
1264 2532 1376 2573 erat.
1542 2526 1659 2571 100

293 2587 514 2638 Nondum
538 2593 783 2640 tradideras
804 2594 951 2640 victas
970 2593 1217 2642 victoribus
1238 2599 1372 2645 artes,

360 2655 556 2716 Graecia‚
580 2658 839 2715 facundum,
862 2658 945 2707 sed
959 2654 1079 2706 male
1099 2657 1233 2715 forte,
1254 2665 1416 2719 genus·
