<?xml version="1.0" encoding="UTF-8"?>
<!DOCTYPE html PUBLIC "-//W3C//DTD XHTML 1.0 Transitional//EN"
    "http://www.w3.org/TR/xhtml1/DTD/xhtml1-transitional.dtd">
<html xmlns="http://www.w3.org/1999/xhtml" xml:lang="en" lang="en">
 <head>
  <title>
</title>
<meta http-equiv="Content-Type" content="text/html;charset=utf-8" />
  <meta name='ocr-system' content='tesseract 3.04.00' />
  <meta name='ocr-capabilities' content='ocr_page ocr_carea ocr_par ocr_line ocrx_word'/>
</head>
<body>
  <div class='ocr_page' id='page_1' title='image "./povidiinasoniso01caregoog_0140.png"; bbox 0 0 1842 2966; ppageno 0'>
   <div class='ocr_carea' id='block_1_1' title="bbox 360 95 1378 179">
    <p class='ocr_par' dir='ltr' id='par_1_1' title="bbox 360 95 1378 179">
     <span class='ocr_line' id='line_1_1' title="bbox 360 95 1378 179; baseline 0 -1"><span class='ocrx_word' id='word_1_1' title='bbox 360 132 460 179; x_wconf 75' lang='lat' dir='ltr'><strong>iso</strong></span> <span class='ocrx_word' id='word_1_2' title='bbox 564 160 573 165; x_wconf 85' lang='lat'><em>-</em></span> <span class='ocrx_word' id='word_1_3' title='bbox 716 122 770 178; x_wconf 79' lang='lat' dir='ltr'><strong>P.</strong></span> <span class='ocrx_word' id='word_1_4' title='bbox 805 95 1040 177; x_wconf 73' lang='lat' dir='ltr'><strong>ovum</strong></span> <span class='ocrx_word' id='word_1_5' title='bbox 1074 119 1378 178; x_wconf 70' lang='lat' dir='ltr'>NASONIS</span> 
     </span>
    </p>
   </div>
   <div class='ocr_carea' id='block_1_2' title="bbox 357 260 1802 2731">
    <p class='ocr_par' dir='ltr' id='par_1_2' title="bbox 357 260 1802 2731">
     <span class='ocr_line' id='line_1_2' title="bbox 359 260 1344 323; baseline 0.001 -16"><span class='ocrx_word' id='word_1_6' title='bbox 359 260 547 308; x_wconf 73' lang='lat' dir='ltr'><strong>Talibus</strong></span> <span class='ocrx_word' id='word_1_7' title='bbox 560 261 802 311; x_wconf 71' lang='lat' dir='ltr'><strong>instinctus</strong></span> <span class='ocrx_word' id='word_1_8' title='bbox 823 261 938 312; x_wconf 81' lang='lat' dir='ltr'><strong>solio</strong></span> <span class='ocrx_word' id='word_1_9' title='bbox 959 261 1160 323; x_wconf 82' lang='lat' dir='ltr'><strong>privatus</strong></span> <span class='ocrx_word' id='word_1_10' title='bbox 1178 260 1227 307; x_wconf 85' lang='lat' dir='ltr'><strong>in</strong></span> <span class='ocrx_word' id='word_1_11' title='bbox 1248 260 1344 323; x_wconf 62' lang='lat' dir='ltr'><strong>alto</strong></span> 
     </span>
     <span class='ocr_line' id='line_1_3' title="bbox 427 323 1485 387; baseline 0.002 -15"><span class='ocrx_word' id='word_1_12' title='bbox 427 323 627 373; x_wconf 79' lang='lat' dir='ltr'><strong>Sederat.</strong></span> <span class='ocrx_word' id='word_1_13' title='bbox 670 327 935 374; x_wconf 76' lang='lat' dir='ltr'><strong>Attonitum</strong></span> <span class='ocrx_word' id='word_1_14' title='bbox 957 326 1124 387; x_wconf 78' lang='lat' dir='ltr'><strong>vulgus</strong></span> <span class='ocrx_word' id='word_1_15' title='bbox 1147 326 1205 372; x_wconf 74' lang='lat' dir='ltr'><strong>ed</strong></span> <span class='ocrx_word' id='word_1_16' title='bbox 1225 340 1352 373; x_wconf 85' lang='lat' dir='ltr'><strong>arma</strong></span> <span class='ocrx_word' id='word_1_17' title='bbox 1371 327 1485 374; x_wconf 79' lang='lat' dir='ltr'><strong>ruit.</strong></span> 
     </span>
     <span class='ocr_line' id='line_1_4' title="bbox 359 374 1802 452; baseline 0.003 -15"><span class='ocrx_word' id='word_1_18' title='bbox 359 389 489 437; x_wconf 91' lang='lat' dir='ltr'><strong>Hinc</strong></span> <span class='ocrx_word' id='word_1_19' title='bbox 511 406 655 447; x_wconf 87' lang='lat' dir='ltr'><strong>cruor,</strong></span> <span class='ocrx_word' id='word_1_20' title='bbox 672 393 777 438; x_wconf 87' lang='lat' dir='ltr'><strong>hinc</strong></span> <span class='ocrx_word' id='word_1_21' title='bbox 798 393 974 439; x_wconf 78' lang='lat' dir='ltr'><strong>caedes:</strong></span> <span class='ocrx_word' id='word_1_22' title='bbox 1002 391 1269 452; x_wconf 73' lang='lat' dir='ltr'><strong>infirmaque</strong></span> <span class='ocrx_word' id='word_1_23' title='bbox 1287 393 1497 439; x_wconf 75' lang='lat' dir='ltr'><strong>vincitur</strong></span> <span class='ocrx_word' id='word_1_24' title='bbox 1515 400 1657 441; x_wconf 70' lang='lat' dir='ltr'><strong>setas.</strong></span> <span class='ocrx_word' id='word_1_25' title='bbox 1801 374 1802 437; x_wconf 44' lang='lat' dir='ltr'><strong>l</strong></span> 
     </span>
     <span class='ocr_line' id='line_1_5' title="bbox 426 454 1723 519; baseline 0.003 -16"><span class='ocrx_word' id='word_1_26' title='bbox 426 455 613 518; x_wconf 77' lang='lat' dir='ltr'><strong>Sceptra</strong></span> <span class='ocrx_word' id='word_1_27' title='bbox 634 472 776 519; x_wconf 85' lang='lat' dir='ltr'><strong>gener</strong></span> <span class='ocrx_word' id='word_1_28' title='bbox 798 473 955 504; x_wconf 86' lang='lat' dir='ltr'><strong>socero</strong></span> <span class='ocrx_word' id='word_1_29' title='bbox 977 463 1104 518; x_wconf 85' lang='lat' dir='ltr'><strong>rapta</strong></span> <span class='ocrx_word' id='word_1_30' title='bbox 1127 454 1355 518; x_wconf 73' lang='lat' dir='ltr'>Superbus</span> <span class='ocrx_word' id='word_1_31' title='bbox 1375 456 1544 505; x_wconf 71' lang='lat' dir='ltr'><strong>habet.</strong></span> <span class='ocrx_word' id='word_1_32' title='bbox 1624 462 1723 507; x_wconf 70' lang='grc' dir='ltr'><strong>δα)</strong></span> 
     </span>
     <span class='ocr_line' id='line_1_6' title="bbox 358 514 1472 584; baseline 0.004 -17"><span class='ocrx_word' id='word_1_33' title='bbox 358 514 466 584; x_wconf 87' lang='lat' dir='ltr'><strong>Ipse</strong></span> <span class='ocrx_word' id='word_1_34' title='bbox 483 523 564 568; x_wconf 88' lang='lat' dir='ltr'><strong>sub</strong></span> <span class='ocrx_word' id='word_1_35' title='bbox 587 522 818 584; x_wconf 79' lang='lat' dir='ltr'><strong>Esquiliis,</strong></span> <span class='ocrx_word' id='word_1_36' title='bbox 839 523 915 568; x_wconf 90' lang='lat' dir='ltr'><strong>ubi</strong></span> <span class='ocrx_word' id='word_1_37' title='bbox 939 526 1035 569; x_wconf 84' lang='lat' dir='ltr'><strong>erat</strong></span> <span class='ocrx_word' id='word_1_38' title='bbox 1057 536 1140 568; x_wconf 82' lang='lat' dir='ltr'><strong>sua</strong></span> <span class='ocrx_word' id='word_1_39' title='bbox 1159 522 1298 583; x_wconf 74' lang='lat' dir='ltr'><strong>regis,</strong></span> <span class='ocrx_word' id='word_1_40' title='bbox 1321 536 1472 577; x_wconf 59' lang='lat' dir='ltr'><strong>cesus</strong></span> 
     </span>
     <span class='ocr_line' id='line_1_7' title="bbox 426 584 1409 649; baseline -0.003 -13"><span class='ocrx_word' id='word_1_41' title='bbox 426 584 639 636; x_wconf 81' lang='lat' dir='ltr'><strong>Concidit</strong></span> <span class='ocrx_word' id='word_1_42' title='bbox 658 589 705 634; x_wconf 87' lang='lat' dir='ltr'><strong>in</strong></span> <span class='ocrx_word' id='word_1_43' title='bbox 729 585 839 635; x_wconf 62' lang='lat' dir='ltr'><strong>dura</strong></span> <span class='ocrx_word' id='word_1_44' title='bbox 859 587 1233 649; x_wconf 83' lang='lat' dir='ltr'><strong>sanguinolentus</strong></span> <span class='ocrx_word' id='word_1_45' title='bbox 1252 587 1409 633; x_wconf 73' lang='lat' dir='ltr'><strong>humo.</strong></span> 
     </span>
     <span class='ocr_line' id='line_1_8' title="bbox 361 650 1324 716; baseline -0.002 -17"><span class='ocrx_word' id='word_1_46' title='bbox 361 650 490 707; x_wconf 84' lang='lat' dir='ltr'><strong>Filia,</strong></span> <span class='ocrx_word' id='word_1_47' title='bbox 514 660 726 715; x_wconf 84' lang='lat' dir='ltr'><strong>carpento</strong></span> <span class='ocrx_word' id='word_1_48' title='bbox 747 654 917 716; x_wconf 73' lang='lat' dir='ltr'><strong>patrios</strong></span> <span class='ocrx_word' id='word_1_49' title='bbox 939 652 1104 699; x_wconf 80' lang='lat' dir='ltr'><strong>initura</strong></span> <span class='ocrx_word' id='word_1_50' title='bbox 1122 657 1324 713; x_wconf 76' lang='lat' dir='ltr'><strong>penates,</strong></span> 
     </span>
     <span class='ocr_line' id='line_1_9' title="bbox 426 715 1300 781; baseline -0.001 -17"><span class='ocrx_word' id='word_1_51' title='bbox 426 715 528 765; x_wconf 81' lang='lat' dir='ltr'><strong>Ibat</strong></span> <span class='ocrx_word' id='word_1_52' title='bbox 542 734 627 781; x_wconf 82' lang='lat' dir='ltr'><strong>-per</strong></span> <span class='ocrx_word' id='word_1_53' title='bbox 648 719 817 765; x_wconf 84' lang='lat' dir='ltr'><strong>medias</strong></span> <span class='ocrx_word' id='word_1_54' title='bbox 839 718 930 764; x_wconf 72' lang='lat' dir='ltr'><strong>alta</strong></span> <span class='ocrx_word' id='word_1_55' title='bbox 949 717 1169 778; x_wconf 84' lang='lat' dir='ltr'><strong>feroxque</strong></span> <span class='ocrx_word' id='word_1_56' title='bbox 1185 717 1300 763; x_wconf 80' lang='lat' dir='ltr'><strong>vias.</strong></span> 
     </span>
     <span class='ocr_line' id='line_1_10' title="bbox 363 780 1473 845; baseline -0.002 -13"><span class='ocrx_word' id='word_1_57' title='bbox 363 780 542 845; x_wconf 71' lang='lat' dir='ltr'><strong>Corpus</strong></span> <span class='ocrx_word' id='word_1_58' title='bbox 564 791 616 829; x_wconf 92' lang='lat' dir='ltr'><strong>ut</strong></span> <span class='ocrx_word' id='word_1_59' title='bbox 636 783 852 844; x_wconf 81' lang='lat' dir='ltr'><strong>adspexit,</strong></span> <span class='ocrx_word' id='word_1_60' title='bbox 875 783 1072 829; x_wconf 78' lang='lat' dir='ltr'><strong>lacrimis</strong></span> <span class='ocrx_word' id='word_1_61' title='bbox 1094 782 1252 844; x_wconf 76' lang='lat' dir='ltr'><strong>auriga</strong></span> <span class='ocrx_word' id='word_1_62' title='bbox 1273 780 1473 845; x_wconf 82' lang='lat' dir='ltr'><strong>profusis</strong></span> 
     </span>
     <span class='ocr_line' id='line_1_11' title="bbox 425 846 1387 910; baseline -0.001 -15"><span class='ocrx_word' id='word_1_63' title='bbox 425 847 626 895; x_wconf 82' lang='lat' dir='ltr'><strong>Restitit.</strong></span> <span class='ocrx_word' id='word_1_64' title='bbox 673 846 825 894; x_wconf 88' lang='lat' dir='ltr'><strong>Hunc&#39;</strong></span> <span class='ocrx_word' id='word_1_65' title='bbox 838 848 917 894; x_wconf 78' lang='lat' dir='ltr'><strong>tali</strong></span> <span class='ocrx_word' id='word_1_66' title='bbox 940 848 1125 910; x_wconf 83' lang='lat' dir='ltr'><strong>corripit</strong></span> <span class='ocrx_word' id='word_1_67' title='bbox 1143 847 1222 894; x_wconf 82' lang='lat' dir='ltr'><strong>illa</strong></span> <span class='ocrx_word' id='word_1_68' title='bbox 1243 862 1387 896; x_wconf 77' lang='lat' dir='ltr'><strong>sonot</strong></span> 
     </span>
     <span class='ocr_line' id='line_1_12' title="bbox 364 911 1554 974; baseline -0.001 -15"><span class='ocrx_word' id='word_1_69' title='bbox 364 911 503 959; x_wconf 85' lang='lat' dir='ltr'><strong>Vadis</strong></span> <span class='ocrx_word' id='word_1_70' title='bbox 513 912 538 958; x_wconf 60' lang='grc' dir='ltr'><strong>’.θ</strong></span> <span class='ocrx_word' id='word_1_71' title='bbox 554 927 612 959; x_wconf 76' lang='lat' dir='ltr'><strong>sn</strong></span> <span class='ocrx_word' id='word_1_72' title='bbox 627 920 864 974; x_wconf 83' lang='lat' dir='ltr'><strong>exspectas</strong></span> <span class='ocrx_word' id='word_1_73' title='bbox 883 914 1080 974; x_wconf 83' lang='lat' dir='ltr'><strong>pretium</strong></span> <span class='ocrx_word' id='word_1_74' title='bbox 1101 913 1279 973; x_wconf 73' lang='lat' dir='ltr'><strong>pietatis</strong></span> <span class='ocrx_word' id='word_1_75' title='bbox 1302 926 1508 959; x_wconf 65' lang='lat' dir='ltr'><strong>arnan-mn</strong></span> <span class='ocrx_word' id='word_1_76' title='bbox 1524 911 1554 958; x_wconf 68' lang='lat'><em>2</em></span> 
     </span>
     <span class='ocr_line' id='line_1_13' title="bbox 425 975 1436 1040; baseline 0.003 -18"><span class='ocrx_word' id='word_1_77' title='bbox 425 975 548 1031; x_wconf 86' lang='lat' dir='ltr'><strong>Due,</strong></span> <span class='ocrx_word' id='word_1_78' title='bbox 571 978 767 1038; x_wconf 79' lang='lat' dir='ltr'><strong>inquam,</strong></span> <span class='ocrx_word' id='word_1_79' title='bbox 790 978 956 1025; x_wconf 85' lang='lat' dir='ltr'><strong>invitas</strong></span> <span class='ocrx_word' id='word_1_80' title='bbox 976 979 1074 1040; x_wconf 83' lang='lat' dir='ltr'><strong>ipsa</strong></span> <span class='ocrx_word' id='word_1_81' title='bbox 1094 991 1175 1039; x_wconf 86' lang='lat' dir='ltr'><strong>per</strong></span> <span class='ocrx_word' id='word_1_82' title='bbox 1196 992 1276 1023; x_wconf 79' lang='lat' dir='ltr'><strong>ors</strong></span> <span class='ocrx_word' id='word_1_83' title='bbox 1296 985 1436 1025; x_wconf 82' lang='lat' dir='ltr'><strong>rotas.</strong></span> 
     </span>
     <span class='ocr_line' id='line_1_14' title="bbox 360 1039 1417 1100; baseline -0.002 -9"><span class='ocrx_word' id='word_1_84' title='bbox 360 1039 503 1091; x_wconf 78' lang='lat' dir='ltr'><strong>Certa</strong></span> <span class='ocrx_word' id='word_1_85' title='bbox 522 1039 633 1090; x_wconf 82' lang='lat' dir='ltr'><strong>fides</strong></span> <span class='ocrx_word' id='word_1_86' title='bbox 653 1040 761 1088; x_wconf 80' lang='lat' dir='ltr'><strong>facti</strong></span> <span class='ocrx_word' id='word_1_87' title='bbox 780 1043 967 1100; x_wconf 70' lang='lat' dir='ltr'><strong>:dietus</strong></span> <span class='ocrx_word' id='word_1_88' title='bbox 993 1042 1247 1090; x_wconf 76' lang='lat' dir='ltr'><strong>Sceleratus</strong></span> <span class='ocrx_word' id='word_1_89' title='bbox 1268 1043 1325 1088; x_wconf 83' lang='lat' dir='ltr'><strong>ab</strong></span> <span class='ocrx_word' id='word_1_90' title='bbox 1339 1040 1417 1089; x_wconf 66' lang='lat' dir='ltr'><strong>illa</strong></span> 
     </span>
     <span class='ocr_line' id='line_1_15' title="bbox 421 1102 1718 1171; baseline 0.004 -19"><span class='ocrx_word' id='word_1_91' title='bbox 421 1105 581 1162; x_wconf 88' lang='lat' dir='ltr'><strong>Vicus,</strong></span> <span class='ocrx_word' id='word_1_92' title='bbox 605 1114 653 1154; x_wconf 89' lang='lat' dir='ltr'><strong>et</strong></span> <span class='ocrx_word' id='word_1_93' title='bbox 672 1105 845 1155; x_wconf 63' lang='lat' dir='ltr'><strong>aeterni</strong></span> <span class='ocrx_word' id='word_1_94' title='bbox 865 1123 940 1155; x_wconf 82' lang='lat' dir='ltr'><strong>res</strong></span> <span class='ocrx_word' id='word_1_95' title='bbox 961 1123 1015 1154; x_wconf 80' lang='lat' dir='ltr'><strong>ea</strong></span> <span class='ocrx_word' id='word_1_96' title='bbox 1034 1122 1190 1171; x_wconf 80' lang='lat' dir='ltr'><strong>pressa</strong></span> <span class='ocrx_word' id='word_1_97' title='bbox 1210 1102 1333 1155; x_wconf 63' lang='lat' dir='ltr'><strong>notd.</strong></span> <span class='ocrx_word' id='word_1_98' title='bbox 1613 1112 1718 1157; x_wconf 83' lang='lat'><strong>610</strong></span> 
     </span>
     <span class='ocr_line' id='line_1_16' title="bbox 362 1169 1715 1237; baseline 0.004 -20"><span class='ocrx_word' id='word_1_99' title='bbox 362 1169 480 1218; x_wconf 87' lang='lat' dir='ltr'><strong>Post</strong></span> <span class='ocrx_word' id='word_1_100' title='bbox 495 1177 648 1219; x_wconf 81' lang='lat' dir='ltr'><strong>tamen</strong></span> <span class='ocrx_word' id='word_1_101' title='bbox 665 1173 753 1220; x_wconf 87' lang='lat' dir='ltr'><strong>hoc</strong></span> <span class='ocrx_word' id='word_1_102' title='bbox 769 1186 878 1220; x_wconf 72' lang='lat' dir='ltr'><strong>ausa</strong></span> <span class='ocrx_word' id='word_1_103' title='bbox 892 1181 963 1220; x_wconf 88' lang='lat' dir='ltr'><strong>est</strong></span> <span class='ocrx_word' id='word_1_104' title='bbox 979 1173 1213 1235; x_wconf 84' lang='lat' dir='ltr'><strong>templum,</strong></span> <span class='ocrx_word' id='word_1_105' title='bbox 1230 1179 1715 1237; x_wconf 77' lang='lat' dir='ltr'><strong>monumentapsren·</strong></span> 
     </span>
     <span class='ocr_line' id='line_1_17' title="bbox 421 1234 1715 1304; baseline 0.004 -21"><span class='ocrx_word' id='word_1_106' title='bbox 421 1234 661 1299; x_wconf 80' lang='lat' dir='ltr'><strong>Tangere:</strong></span> <span class='ocrx_word' id='word_1_107' title='bbox 689 1240 805 1286; x_wconf 73' lang='lat' dir='ltr'><strong>mira</strong></span> <span class='ocrx_word' id='word_1_108' title='bbox 814 1239 1011 1300; x_wconf 84' lang='lat' dir='ltr'><strong>quidem,</strong></span> <span class='ocrx_word' id='word_1_109' title='bbox 1036 1239 1115 1285; x_wconf 85' lang='lat' dir='ltr'><strong>sed</strong></span> <span class='ocrx_word' id='word_1_110' title='bbox 1135 1245 1288 1285; x_wconf 84' lang='lat' dir='ltr'><strong>tamen</strong></span> <span class='ocrx_word' id='word_1_111' title='bbox 1305 1238 1434 1285; x_wconf 78' lang='lat' dir='ltr'><strong>actal</strong></span> <span class='ocrx_word' id='word_1_112' title='bbox 1529 1255 1599 1287; x_wconf 71' lang='lat' dir='ltr'><strong>nr.</strong></span> <span class='ocrx_word' id='word_1_113' title='bbox 1612 1237 1715 1304; x_wconf 85' lang='lat' dir='ltr'><strong>[tis,</strong></span> 
     </span>
     <span class='ocr_line' id='line_1_18' title="bbox 360 1300 1616 1366; baseline 0.003 -17"><span class='ocrx_word' id='word_1_114' title='bbox 360 1300 554 1364; x_wconf 82' lang='lat' dir='ltr'><strong>Signum</strong></span> <span class='ocrx_word' id='word_1_115' title='bbox 576 1312 675 1351; x_wconf 79' lang='lat' dir='ltr'><strong>erat</strong></span> <span class='ocrx_word' id='word_1_116' title='bbox 693 1304 741 1350; x_wconf 84' lang='lat' dir='ltr'><strong>in</strong></span> <span class='ocrx_word' id='word_1_117' title='bbox 764 1305 877 1351; x_wconf 81' lang='lat' dir='ltr'><strong>solio</strong></span> <span class='ocrx_word' id='word_1_118' title='bbox 899 1305 1101 1351; x_wconf 79' lang='lat' dir='ltr'><strong>residens</strong></span> <span class='ocrx_word' id='word_1_119' title='bbox 1123 1305 1206 1351; x_wconf 88' lang='lat' dir='ltr'><strong>sub</strong></span> <span class='ocrx_word' id='word_1_120' title='bbox 1227 1305 1427 1366; x_wconf 80' lang='lat' dir='ltr'><strong>imagine</strong></span> <span class='ocrx_word' id='word_1_121' title='bbox 1493 1305 1616 1354; x_wconf 68' lang='lat' dir='ltr'><strong>ulliz</strong></span> 
     </span>
     <span class='ocr_line' id='line_1_19' title="bbox 423 1365 1385 1433; baseline 0.002 -20"><span class='ocrx_word' id='word_1_122' title='bbox 423 1365 608 1416; x_wconf 86' lang='lat' dir='ltr'><strong>Dicitur</strong></span> <span class='ocrx_word' id='word_1_123' title='bbox 628 1371 715 1417; x_wconf 91' lang='lat' dir='ltr'><strong>hoc</strong></span> <span class='ocrx_word' id='word_1_124' title='bbox 735 1369 878 1417; x_wconf 84' lang='lat' dir='ltr'><strong>oculis</strong></span> <span class='ocrx_word' id='word_1_125' title='bbox 899 1371 1165 1433; x_wconf 85' lang='lat' dir='ltr'><strong>opposuisse</strong></span> <span class='ocrx_word' id='word_1_126' title='bbox 1183 1383 1385 1416; x_wconf 84' lang='lat' dir='ltr'><strong>manum.</strong></span> 
     </span>
     <span class='ocr_line' id='line_1_20' title="bbox 358 1430 1501 1493; baseline 0.003 -12"><span class='ocrx_word' id='word_1_127' title='bbox 358 1430 427 1481; x_wconf 87' lang='lat' dir='ltr'><strong>Et</strong></span> <span class='ocrx_word' id='word_1_128' title='bbox 447 1440 543 1480; x_wconf 80' lang='lat' dir='ltr'><strong>vox</strong></span> <span class='ocrx_word' id='word_1_129' title='bbox 557 1435 707 1483; x_wconf 80' lang='lat' dir='ltr'><strong>audita</strong></span> <span class='ocrx_word' id='word_1_130' title='bbox 728 1442 810 1491; x_wconf 86' lang='lat' dir='ltr'><strong>est,</strong></span> <span class='ocrx_word' id='word_1_131' title='bbox 836 1432 1007 1483; x_wconf 85' lang='lat' dir='ltr'><strong>Vultus</strong></span> <span class='ocrx_word' id='word_1_132' title='bbox 1028 1434 1287 1482; x_wconf 77' lang='lat' dir='ltr'><strong>abscondite</strong></span> <span class='ocrx_word' id='word_1_133' title='bbox 1307 1441 1501 1493; x_wconf 79' lang='lat' dir='ltr'><strong>nostros,</strong></span> 
     </span>
     <span class='ocr_line' id='line_1_21' title="bbox 424 1498 1315 1549; baseline 0.001 -3"><span class='ocrx_word' id='word_1_134' title='bbox 424 1498 502 1547; x_wconf 87' lang='lat' dir='ltr'><strong>Ne</strong></span> <span class='ocrx_word' id='word_1_135' title='bbox 523 1508 645 1549; x_wconf 84' lang='lat' dir='ltr'><strong>natae</strong></span> <span class='ocrx_word' id='word_1_136' title='bbox 665 1501 850 1549; x_wconf 80' lang='lat' dir='ltr'><strong>videant</strong></span> <span class='ocrx_word' id='word_1_137' title='bbox 869 1515 951 1549; x_wconf 86' lang='lat' dir='ltr'><strong>ora</strong></span> <span class='ocrx_word' id='word_1_138' title='bbox 971 1500 1163 1548; x_wconf 77' lang='lat' dir='ltr'><strong>nefanda</strong></span> <span class='ocrx_word' id='word_1_139' title='bbox 1184 1515 1315 1549; x_wconf 75' lang='lat' dir='ltr'><strong>rneae.</strong></span> 
     </span>
     <span class='ocr_line' id='line_1_22' title="bbox 359 1561 1607 1630; baseline 0.004 -19"><span class='ocrx_word' id='word_1_140' title='bbox 359 1561 507 1613; x_wconf 83' lang='lat' dir='ltr'><strong>Veste</strong></span> <span class='ocrx_word' id='word_1_141' title='bbox 527 1565 634 1614; x_wconf 63' lang='lat' dir='ltr'><strong>data</strong></span> <span class='ocrx_word' id='word_1_142' title='bbox 652 1568 852 1630; x_wconf 68' lang='lat' dir='ltr'><strong>tegitur:</strong></span> <span class='ocrx_word' id='word_1_143' title='bbox 880 1574 1007 1614; x_wconf 81' lang='lat' dir='ltr'><strong>vetat</strong></span> <span class='ocrx_word' id='word_1_144' title='bbox 1027 1567 1144 1613; x_wconf 83' lang='lat' dir='ltr'><strong>hanc</strong></span> <span class='ocrx_word' id='word_1_145' title='bbox 1166 1564 1374 1614; x_wconf 79' lang='lat' dir='ltr'><strong>Fortuna</strong></span> <span class='ocrx_word' id='word_1_146' title='bbox 1391 1566 1607 1616; x_wconf 75' lang='lat' dir='ltr'><strong>moveri:</strong></span> 
     </span>
     <span class='ocr_line' id='line_1_23' title="bbox 423 1625 1345 1694; baseline 0.001 -17"><span class='ocrx_word' id='word_1_147' title='bbox 423 1625 492 1677; x_wconf 85' lang='lat' dir='ltr'><strong>Et</strong></span> <span class='ocrx_word' id='word_1_148' title='bbox 513 1632 578 1678; x_wconf 88' lang='lat' dir='ltr'><strong>sic</strong></span> <span class='ocrx_word' id='word_1_149' title='bbox 603 1629 630 1678; x_wconf 79' lang='grc' dir='ltr'>ὲ</span> <span class='ocrx_word' id='word_1_150' title='bbox 650 1632 821 1693; x_wconf 84' lang='lat' dir='ltr'><strong>templo</strong></span> <span class='ocrx_word' id='word_1_151' title='bbox 840 1639 913 1678; x_wconf 88' lang='lat' dir='ltr'><strong>est</strong></span> <span class='ocrx_word' id='word_1_152' title='bbox 935 1633 1035 1694; x_wconf 84' lang='lat' dir='ltr'><strong>ipsa</strong></span> <span class='ocrx_word' id='word_1_153' title='bbox 1055 1632 1207 1679; x_wconf 87' lang='lat' dir='ltr'><strong>locuta</strong></span> <span class='ocrx_word' id='word_1_154' title='bbox 1229 1647 1345 1679; x_wconf 83' lang='lat' dir='ltr'><strong>suo:</strong></span> 
     </span>
     <span class='ocr_line' id='line_1_24' title="bbox 357 1692 1312 1760; baseline 0.003 -20"><span class='ocrx_word' id='word_1_155' title='bbox 357 1692 453 1741; x_wconf 79' lang='lat' dir='ltr'><strong>Ore</strong></span> <span class='ocrx_word' id='word_1_156' title='bbox 475 1696 675 1743; x_wconf 75' lang='lat' dir='ltr'><strong>revelato</strong></span> <span class='ocrx_word' id='word_1_157' title='bbox 695 1695 785 1757; x_wconf 68' lang='lat' dir='ltr'><strong>qud</strong></span> <span class='ocrx_word' id='word_1_158' title='bbox 802 1694 998 1759; x_wconf 66' lang='lat' dir='ltr'><strong>primum</strong></span> <span class='ocrx_word' id='word_1_159' title='bbox 1019 1697 1123 1744; x_wconf 88' lang='lat' dir='ltr'><strong>luce</strong></span> <span class='ocrx_word' id='word_1_160' title='bbox 1141 1697 1312 1760; x_wconf 73' lang='lat' dir='ltr'><strong>patebit</strong></span> 
     </span>
     <span class='ocr_line' id='line_1_25' title="bbox 425 1759 1714 1825; baseline 0.004 -19"><span class='ocrx_word' id='word_1_161' title='bbox 425 1759 622 1816; x_wconf 85' lang='lat' dir='ltr'><strong>Servius,</strong></span> <span class='ocrx_word' id='word_1_162' title='bbox 646 1761 745 1807; x_wconf 86' lang='lat' dir='ltr'><strong>haec</strong></span> <span class='ocrx_word' id='word_1_163' title='bbox 765 1762 900 1825; x_wconf 84' lang='lat' dir='ltr'><strong>positi</strong></span> <span class='ocrx_word' id='word_1_164' title='bbox 919 1762 1065 1823; x_wconf 87' lang='lat' dir='ltr'><strong>prima</strong></span> <span class='ocrx_word' id='word_1_165' title='bbox 1086 1763 1269 1825; x_wconf 88' lang='lat' dir='ltr'><strong>pudoris</strong></span> <span class='ocrx_word' id='word_1_166' title='bbox 1290 1761 1391 1809; x_wconf 82' lang='lat' dir='ltr'><strong>erit.</strong></span> <span class='ocrx_word' id='word_1_167' title='bbox 1611 1766 1714 1811; x_wconf 75' lang='lat'><strong>620</strong></span> 
     </span>
     <span class='ocr_line' id='line_1_26' title="bbox 360 1821 1446 1890; baseline 0.003 -19"><span class='ocrx_word' id='word_1_168' title='bbox 360 1821 555 1880; x_wconf 72' lang='lat' dir='ltr'><strong>Parcite,</strong></span> <span class='ocrx_word' id='word_1_169' title='bbox 578 1832 813 1882; x_wconf 84' lang='lat' dir='ltr'><strong>matronae,</strong></span> <span class='ocrx_word' id='word_1_170' title='bbox 837 1827 1001 1874; x_wconf 80' lang='lat' dir='ltr'><strong>vetitas</strong></span> <span class='ocrx_word' id='word_1_171' title='bbox 1013 1828 1248 1890; x_wconf 65' lang='lat' dir='ltr'><strong>‘attingere</strong></span> <span class='ocrx_word' id='word_1_172' title='bbox 1268 1833 1446 1874; x_wconf 73' lang='lat' dir='ltr'><strong>vestest</strong></span> 
     </span>
     <span class='ocr_line' id='line_1_27' title="bbox 425 1889 1419 1955; baseline 0.002 -17"><span class='ocrx_word' id='word_1_173' title='bbox 425 1889 642 1938; x_wconf 88' lang='lat' dir='ltr'><strong>Sollemni</strong></span> <span class='ocrx_word' id='word_1_174' title='bbox 665 1893 776 1940; x_wconf 83' lang='lat' dir='ltr'><strong>satis</strong></span> <span class='ocrx_word' id='word_1_175' title='bbox 797 1898 868 1939; x_wconf 88' lang='lat' dir='ltr'><strong>est</strong></span> <span class='ocrx_word' id='word_1_176' title='bbox 888 1907 1005 1938; x_wconf 80' lang='lat' dir='ltr'><strong>voce</strong></span> <span class='ocrx_word' id='word_1_177' title='bbox 1026 1906 1211 1939; x_wconf 86' lang='lat' dir='ltr'><strong>movere</strong></span> <span class='ocrx_word' id='word_1_178' title='bbox 1230 1907 1419 1955; x_wconf 81' lang='lat' dir='ltr'><strong>preces:</strong></span> 
     </span>
     <span class='ocr_line' id='line_1_28' title="bbox 358 1954 1480 2023; baseline 0.001 -20"><span class='ocrx_word' id='word_1_179' title='bbox 358 1954 517 2017; x_wconf 85' lang='lat' dir='ltr'><strong>Sitque</strong></span> <span class='ocrx_word' id='word_1_180' title='bbox 538 1964 673 2019; x_wconf 84' lang='lat' dir='ltr'><strong>caput</strong></span> <span class='ocrx_word' id='word_1_181' title='bbox 693 1972 870 2019; x_wconf 85' lang='lat' dir='ltr'><strong>semper</strong></span> <span class='ocrx_word' id='word_1_182' title='bbox 891 1955 1104 2004; x_wconf 82' lang='lat' dir='ltr'><strong>Romano</strong></span> <span class='ocrx_word' id='word_1_183' title='bbox 1127 1964 1273 2004; x_wconf 79' lang='lat' dir='ltr'><strong>tectus</strong></span> <span class='ocrx_word' id='word_1_184' title='bbox 1297 1957 1480 2023; x_wconf 68' lang='lat' dir='ltr'><strong>amictu,</strong></span> 
     </span>
     <span class='ocr_line' id='line_1_29' title="bbox 425 2020 1404 2085; baseline 0.001 -17"><span class='ocrx_word' id='word_1_185' title='bbox 425 2020 519 2076; x_wconf 82' lang='lat' dir='ltr'><strong>Qui</strong></span> <span class='ocrx_word' id='word_1_186' title='bbox 542 2021 649 2069; x_wconf 85' lang='lat' dir='ltr'><strong>Rex</strong></span> <span class='ocrx_word' id='word_1_187' title='bbox 668 2023 716 2068; x_wconf 88' lang='lat' dir='ltr'><strong>in</strong></span> <span class='ocrx_word' id='word_1_188' title='bbox 738 2020 893 2069; x_wconf 59' lang='lat' dir='ltr'><strong>nostra</strong></span> <span class='ocrx_word' id='word_1_189' title='bbox 913 2023 1130 2085; x_wconf 87' lang='lat' dir='ltr'><strong>septimus</strong></span> <span class='ocrx_word' id='word_1_190' title='bbox 1155 2021 1284 2069; x_wconf 86' lang='lat' dir='ltr'><strong>Urbe</strong></span> <span class='ocrx_word' id='word_1_191' title='bbox 1300 2021 1404 2069; x_wconf 83' lang='lat' dir='ltr'><strong>fuit.</strong></span> 
     </span>
     <span class='ocr_line' id='line_1_30' title="bbox 358 2086 1586 2152; baseline 0.001 -18"><span class='ocrx_word' id='word_1_192' title='bbox 358 2086 549 2134; x_wconf 79' lang='lat' dir='ltr'><strong>Arserat</strong></span> <span class='ocrx_word' id='word_1_193' title='bbox 570 2089 656 2133; x_wconf 85' lang='lat' dir='ltr'><strong>hoc</strong></span> <span class='ocrx_word' id='word_1_194' title='bbox 678 2088 923 2149; x_wconf 78' lang='lat' dir='ltr'><strong>templum:</strong></span> <span class='ocrx_word' id='word_1_195' title='bbox 953 2088 1085 2151; x_wconf 81' lang='lat' dir='ltr'><strong>signo</strong></span> <span class='ocrx_word' id='word_1_196' title='bbox 1107 2094 1261 2134; x_wconf 82' lang='lat' dir='ltr'><strong>tamen</strong></span> <span class='ocrx_word' id='word_1_197' title='bbox 1280 2087 1359 2135; x_wconf 84' lang='lat' dir='ltr'><strong>ille</strong></span> <span class='ocrx_word' id='word_1_198' title='bbox 1376 2087 1586 2152; x_wconf 83' lang='lat' dir='ltr'><strong>pepercit</strong></span> 
     </span>
     <span class='ocr_line' id='line_1_31' title="bbox 423 2149 1382 2215; baseline 0.001 -17"><span class='ocrx_word' id='word_1_199' title='bbox 423 2149 586 2213; x_wconf 81' lang='lat' dir='ltr'><strong>Ignis:</strong></span> <span class='ocrx_word' id='word_1_200' title='bbox 616 2166 746 2213; x_wconf 86' lang='lat' dir='ltr'><strong>opem</strong></span> <span class='ocrx_word' id='word_1_201' title='bbox 768 2160 875 2199; x_wconf 86' lang='lat' dir='ltr'><strong>nato</strong></span> <span class='ocrx_word' id='word_1_202' title='bbox 898 2151 1126 2199; x_wconf 82' lang='lat' dir='ltr'><strong>Mulciber</strong></span> <span class='ocrx_word' id='word_1_203' title='bbox 1145 2154 1242 2215; x_wconf 85' lang='lat' dir='ltr'><strong>ipse</strong></span> <span class='ocrx_word' id='word_1_204' title='bbox 1262 2153 1382 2201; x_wconf 88' lang='lat' dir='ltr'><strong>tulit.</strong></span> 
     </span>
     <span class='ocr_line' id='line_1_32' title="bbox 357 2214 1526 2284; baseline 0.001 -20"><span class='ocrx_word' id='word_1_205' title='bbox 357 2214 571 2277; x_wconf 84' lang='lat' dir='ltr'><strong>Namque</strong></span> <span class='ocrx_word' id='word_1_206' title='bbox 589 2225 718 2278; x_wconf 83' lang='lat' dir='ltr'><strong>pater</strong></span> <span class='ocrx_word' id='word_1_207' title='bbox 739 2215 864 2264; x_wconf 80' lang='lat' dir='ltr'><strong>Tulli</strong></span> <span class='ocrx_word' id='word_1_208' title='bbox 883 2216 1134 2284; x_wconf 73' lang='lat' dir='ltr'><strong>Vulcanus,</strong></span> <span class='ocrx_word' id='word_1_209' title='bbox 1157 2217 1346 2266; x_wconf 80' lang='lat' dir='ltr'><strong>Ocresia</strong></span> <span class='ocrx_word' id='word_1_210' title='bbox 1365 2224 1526 2276; x_wconf 78' lang='lat' dir='ltr'><strong>mater,</strong></span> 
     </span>
     <span class='ocr_line' id='line_1_33' title="bbox 423 2279 1270 2342; baseline 0.002 -14"><span class='ocrx_word' id='word_1_211' title='bbox 423 2279 674 2342; x_wconf 85' lang='lat' dir='ltr'><strong>Praesignis</strong></span> <span class='ocrx_word' id='word_1_212' title='bbox 693 2280 820 2338; x_wconf 76' lang='lat' dir='ltr'><strong>faeie,</strong></span> <span class='ocrx_word' id='word_1_213' title='bbox 847 2281 1150 2330; x_wconf 73' lang='lat' dir='ltr'><strong>Corniculana</strong></span> <span class='ocrx_word' id='word_1_214' title='bbox 1168 2283 1270 2330; x_wconf 82' lang='lat' dir='ltr'><strong>fuit.</strong></span> 
     </span>
     <span class='ocr_line' id='line_1_34' title="bbox 360 2341 1524 2411; baseline 0.006 -20"><span class='ocrx_word' id='word_1_215' title='bbox 360 2345 500 2391; x_wconf 86' lang='lat' dir='ltr'><strong>Hanc</strong></span> <span class='ocrx_word' id='word_1_216' title='bbox 522 2341 675 2392; x_wconf 71' lang='lat' dir='ltr'><strong>secuin</strong></span> <span class='ocrx_word' id='word_1_217' title='bbox 697 2344 934 2407; x_wconf 80' lang='lat' dir='ltr'><strong>Tanaquil,</strong></span> <span class='ocrx_word' id='word_1_218' title='bbox 958 2348 1095 2393; x_wconf 84' lang='lat' dir='ltr'><strong>sacris</strong></span> <span class='ocrx_word' id='word_1_219' title='bbox 1115 2348 1173 2393; x_wconf 90' lang='lat' dir='ltr'><strong>de</strong></span> <span class='ocrx_word' id='word_1_220' title='bbox 1193 2363 1321 2395; x_wconf 88' lang='lat' dir='ltr'><strong>more</strong></span> <span class='ocrx_word' id='word_1_221' title='bbox 1339 2349 1524 2411; x_wconf 68' lang='lat' dir='ltr'><strong>paratis,</strong></span> 
     </span>
     <span class='ocr_line' id='line_1_35' title="bbox 423 2408 1700 2462; baseline 0.002 -5"><span class='ocrx_word' id='word_1_222' title='bbox 423 2408 570 2457; x_wconf 86' lang='lat' dir='ltr'><strong>Jussit</strong></span> <span class='ocrx_word' id='word_1_223' title='bbox 590 2410 636 2456; x_wconf 86' lang='lat' dir='ltr'><strong>in</strong></span> <span class='ocrx_word' id='word_1_224' title='bbox 659 2418 866 2457; x_wconf 86' lang='lat' dir='ltr'><strong>ornatum</strong></span> <span class='ocrx_word' id='word_1_225' title='bbox 885 2410 1076 2458; x_wconf 83' lang='lat' dir='ltr'><strong>fundere</strong></span> <span class='ocrx_word' id='word_1_226' title='bbox 1094 2413 1203 2458; x_wconf 84' lang='lat' dir='ltr'><strong>vina</strong></span> <span class='ocrx_word' id='word_1_227' title='bbox 1223 2412 1391 2460; x_wconf 86' lang='lat' dir='ltr'><strong>focum.</strong></span> <span class='ocrx_word' id='word_1_228' title='bbox 1601 2417 1700 2462; x_wconf 76' lang='lat'><strong>630</strong></span> 
     </span>
     <span class='ocr_line' id='line_1_36' title="bbox 359 2471 1327 2523; baseline 0.005 -5"><span class='ocrx_word' id='word_1_229' title='bbox 359 2471 457 2519; x_wconf 85' lang='lat' dir='ltr'><strong>Hic</strong></span> <span class='ocrx_word' id='word_1_230' title='bbox 477 2474 594 2519; x_wconf 87' lang='lat' dir='ltr'><strong>inter</strong></span> <span class='ocrx_word' id='word_1_231' title='bbox 613 2475 785 2522; x_wconf 85' lang='lat' dir='ltr'><strong>cineres</strong></span> <span class='ocrx_word' id='word_1_232' title='bbox 802 2476 999 2522; x_wconf 86' lang='lat' dir='ltr'><strong>obscaeni</strong></span> <span class='ocrx_word' id='word_1_233' title='bbox 1018 2476 1165 2522; x_wconf 85' lang='lat' dir='ltr'><strong>forma</strong></span> <span class='ocrx_word' id='word_1_234' title='bbox 1185 2477 1327 2523; x_wconf 84' lang='lat' dir='ltr'><strong>virilis</strong></span> 
     </span>
     <span class='ocr_line' id='line_1_37' title="bbox 425 2534 1478 2603; baseline 0.005 -21"><span class='ocrx_word' id='word_1_235' title='bbox 425 2537 525 2583; x_wconf 78' lang='lat' dir='ltr'><strong>Aut</strong></span> <span class='ocrx_word' id='word_1_236' title='bbox 544 2534 644 2593; x_wconf 83' lang='lat' dir='ltr'><strong>fuit,</strong></span> <span class='ocrx_word' id='word_1_237' title='bbox 666 2547 744 2586; x_wconf 88' lang='lat' dir='ltr'><strong>aut</strong></span> <span class='ocrx_word' id='word_1_238' title='bbox 765 2541 862 2587; x_wconf 76' lang='lat' dir='ltr'><strong>visu</strong></span> <span class='ocrx_word' id='word_1_239' title='bbox 883 2550 979 2586; x_wconf 84' lang='lat' dir='ltr'><strong>est:</strong></span> <span class='ocrx_word' id='word_1_240' title='bbox 1010 2541 1089 2586; x_wconf 88' lang='lat' dir='ltr'><strong>sed</strong></span> <span class='ocrx_word' id='word_1_241' title='bbox 1108 2540 1196 2586; x_wconf 82' lang='lat' dir='ltr'><strong>fuit</strong></span> <span class='ocrx_word' id='word_1_242' title='bbox 1216 2541 1295 2588; x_wconf 78' lang='lat' dir='ltr'><strong>illa</strong></span> <span class='ocrx_word' id='word_1_243' title='bbox 1314 2541 1478 2603; x_wconf 76' lang='lat' dir='ltr'><strong>magis.</strong></span> 
     </span>
     <span class='ocr_line' id='line_1_38' title="bbox 358 2599 1460 2667; baseline 0.002 -17"><span class='ocrx_word' id='word_1_244' title='bbox 358 2599 393 2650; x_wconf 84' lang='lat' dir='ltr'>J</span> <span class='ocrx_word' id='word_1_245' title='bbox 395 2616 499 2648; x_wconf 79' lang='lat' dir='ltr'><strong>ussa</strong></span> <span class='ocrx_word' id='word_1_246' title='bbox 516 2601 619 2649; x_wconf 87' lang='lat' dir='ltr'><strong>loco</strong></span> <span class='ocrx_word' id='word_1_247' title='bbox 641 2606 819 2666; x_wconf 80' lang='lat' dir='ltr'><strong>captiva</strong></span> <span class='ocrx_word' id='word_1_248' title='bbox 837 2604 979 2651; x_wconf 77' lang='lat' dir='ltr'><strong>fovet.</strong></span> <span class='ocrx_word' id='word_1_249' title='bbox 1025 2602 1286 2667; x_wconf 84' lang='lat' dir='ltr'><strong>Conceptus</strong></span> <span class='ocrx_word' id='word_1_250' title='bbox 1307 2606 1362 2653; x_wconf 76' lang='lat' dir='ltr'><strong>ab</strong></span> <span class='ocrx_word' id='word_1_251' title='bbox 1380 2603 1460 2652; x_wconf 75' lang='lat' dir='ltr'><strong>im</strong></span> 
     </span>
     <span class='ocr_line' id='line_1_39' title="bbox 425 2665 1338 2731; baseline 0.003 -18"><span class='ocrx_word' id='word_1_252' title='bbox 425 2665 611 2716; x_wconf 83' lang='lat' dir='ltr'><strong>Servius</strong></span> <span class='ocrx_word' id='word_1_253' title='bbox 632 2665 659 2716; x_wconf 74' lang='grc' dir='ltr'>ὲ</span> <span class='ocrx_word' id='word_1_254' title='bbox 679 2670 798 2716; x_wconf 85' lang='lat' dir='ltr'><strong>coelo</strong></span> <span class='ocrx_word' id='word_1_255' title='bbox 820 2669 993 2717; x_wconf 82' lang='lat' dir='ltr'><strong>semina</strong></span> <span class='ocrx_word' id='word_1_256' title='bbox 1012 2669 1164 2731; x_wconf 82' lang='lat' dir='ltr'><strong>gentis</strong></span> <span class='ocrx_word' id='word_1_257' title='bbox 1186 2670 1338 2716; x_wconf 76' lang='lat' dir='ltr'><strong>habet.</strong></span> 
     </span>
    </p>
   </div>
  </div>
 </body>
</html>
