1842 2966
343 137 410 180 40
670 129 725 179 P.
760 129 996 180 OVIDII
1029 124 1330 181 NASONIS

345 259 614 311 consulitur
636 256 852 311 Phoebus.
920 263 1031 311 Sors
1051 267 1124 311 est
1141 263 1206 309 ita
1225 261 1426 310 reddita:
1456 261 1620 312 Matri

414 326 511 381 Qui
526 326 698 375 dederit
716 329 926 392 princeps
947 328 1113 383 oscula,
1135 328 1284 374 victor
1304 327 1404 374 erit.

346 391 520 439 Oscula
539 393 728 455 quisque
750 410 846 441 suae
868 397 1003 442 matri
1021 400 1260 456 properata
1278 393 1494 448 tulerunt,

412 456 524 504 Non
546 459 775 507 intellecto
796 461 978 506 credula
997 461 1128 506 turba
1149 456 1271 504 Deo.

282 556 291 563 -
347 521 523 570 Brutus
545 532 642 571 erat
664 526 788 572 stulti
802 526 981 587 sapiens
1000 524 1212 577 imitator,
1236 531 1288 569 ut
1307 530 1429 569 esset

413 587 566 636 Tutus
588 591 643 637 ab
664 591 848 645 insidiis,
872 591 968 635 dire
990 589 1203 651 Superbe,
1225 589 1331 635 tuis.

345 651 435 701 Ille
456 661 626 710 tacens,
647 671 818 718 pronus
839 654 971 700 matri
994 654 1115 700 dedit
1136 654 1292 701 oscula
1310 652 1486 709 Terrae,

414 717 627 768 Creditus
648 720 822 767 offenso
841 719 1134 781 procubuisse
1153 719 1279 780 pede·
1465 740 1472 745 *⁷
1608 722 1726 771 720

349 783 566 847 Cingitur
581 787 754 832 interea
775 784 999 839 Romanis
1025 784 1176 831 Ardea
1196 784 1353 846 signis,

414 849 482 909 Et
503 851 668 912 patitur
690 850 837 897 lentas
857 850 1089 897 obsidione
1107 865 1272 897 moras.

349 915 481 962 Dum
504 922 647 970 vacat,
665 922 713 961 et
733 922 945 962 metuunt
965 917 1119 962 hostes
1134 915 1417 962 committere
1437 928 1677 978 pugnam,

415 979 612 1027 Luditur
632 981 679 1026 in
703 981 888 1027 castris:
928 982 1022 1027 otia
1042 981 1172 1027 miles
1192 981 1302 1043 agit.

347 1044 625 1105 Tarquinius
635 1046 823 1106 juvenis
844 1047 994 1093 socios
1013 1047 1285 1108 dapibusque
1302 1060 1522 1107 meroque

415 1108 610 1173 Accipit,
633 1118 769 1171 atque
788 1112 878 1158 illis
900 1111 1037 1174 Rege
1057 1119 1234 1158 creatus
1256 1112 1343 1158 ait:

350 1173 483 1222 Dum
502 1191 586 1222 nos
609 1176 800 1224 difficilis
819 1178 954 1240 pigro
976 1183 1102 1223 tenet
1124 1175 1279 1222 Ardea
1298 1176 1432 1231 bello,

416 1238 521 1286 Nec
542 1242 651 1288 sinit
671 1242 728 1288 ad
743 1244 911 1304 patrios
933 1257 1058 1289 arma
1078 1240 1244 1288 referre
1267 1241 1423 1299 Deos3

344 1304 529 1366 Ecquid
551 1307 598 1353 in
615 1307 764 1354 officio
784 1315 914 1355 torus
934 1314 1006 1354 est
1026 1307 1204 1355 socialis
1217 1306 1241 1351 ’τ’
1273 1314 1320 1353 et
1341 1307 1500 1368 ecquid

415 1369 700 1436 Coniugibus
722 1375 888 1421 nostris
910 1380 1069 1421 mutua
1091 1388 1199 1420 cura
1220 1388 1377 1420 sumus
1391 1372 1415 1417 ἲ
1608 1374 1730 1426 ⁷30

350 1436 561 1499 Quisque
580 1454 708 1486 suam
729 1439 928 1488 laudant.
995 1438 1163 1488 Studiis
1184 1439 1430 1486 certamina
1452 1448 1681 1489 crescunt
1703 1460 1723 1503 ς

416 1503 483 1550 Et
502 1504 681 1553 fervent
701 1506 847 1553 multo
868 1507 1113 1568 linguaque
1135 1520 1301 1566 corque
1320 1520 1463 1553 mero.

349 1569 523 1631 Surgit,
548 1573 620 1618 cui
642 1572 814 1618 clarum
835 1573 1019 1619 dederat
1043 1570 1238 1618 Collatia
1259 1586 1458 1629 nomen;

414 1634 528 1683 Non
550 1652 665 1699 opus
686 1645 757 1683 est
779 1638 939 1690 verbis,
963 1636 1131 1682 credite
1153 1637 1297 1692 rebus,
1319 1636 1399 1683 ait.

347 1699 464 1747 Nox
484 1709 714 1763 superest:
742 1702 959 1748 tollamur
973 1701 1113 1760 equis,
1140 1699 1403 1763 Urbemque
1423 1706 1660 1763 petamus.

413 1764 556 1813 Dicta
576 1767 782 1828 placent:
819 1765 961 1812 frenis
981 1766 1284 1828 impediuntur
1298 1768 1418 1828 equi.

347 1828 638 1878 Pertulerant
659 1832 880 1878 dominos.
946 1830 1140 1893 Regalis
1158 1833 1363 1893 protinus
1384 1832 1449 1879 ini

310 1946 315 1952 ⁴
411 1895 557 1943 Tecta
571 1904 760 1958 petunt:
801 1905 956 1944 custos
976 1898 1022 1943 in
1045 1896 1144 1943 fore
1164 1896 1314 1943 nullus
1335 1905 1446 1944 erat.

342 1959 474 2011 Ecce
495 1977 658 2007 nurum
681 1961 829 2023 Regis
847 1962 961 2008 fusis
981 1977 1062 2023 per
1082 1959 1199 2008 colla
1218 1961 1402 2008 coronis

411 2024 659 2073 Inveniunt
679 2027 825 2087 posito
846 2026 1116 2087 pervigilare
1131 2041 1272 2073 mero.
1601 2027 1722 2082 ¹740

343 2090 463 2139 Inde
486 2091 576 2137 cito
592 2107 728 2153 passu
748 2091 917 2152 petitur
940 2090 1168 2138 Lucretia.
1233 2091 1411 2149 Nebat3

410 2155 537 2202 Ante
557 2164 716 2203 torum
730 2156 903 2211 calathi,
928 2156 1118 2218 lanaque
1138 2157 1301 2211 mollis,
1326 2164 1469 2204 erant.

342 2221 526 2269 Lumen
549 2221 603 2268 ad
627 2223 843 2283 exiguum
865 2221 1048 2269 famulae
1077 2223 1182 2268 data
1202 2238 1341 2284 pensa
1361 2224 1626 2274 trahebant=

408 2285 539 2332 Inter
559 2303 670 2348 quas
693 2288 816 2333 tenui
840 2288 906 2334 sic
928 2289 991 2334 ait
1011 2289 1110 2350 ipsa
1129 2302 1272 2334 sono:

341 2351 575 2399 Mittenda
595 2360 665 2399 est
685 2353 867 2399 domino
892 2354 1048 2417 (nunc,
1084 2369 1204 2399 nunc
1224 2359 1474 2415 properate,
1497 2351 1712 2421 puellae)

404 2416 754 2480 Quamprimum
775 2417 932 2465 nostrii
951 2419 1071 2465 facta
1090 2418 1269 2466 lacerna
1288 2433 1443 2465 manu.

341 2481 466 2536 Quid
488 2482 637 2531 tamen
660 2484 876 2532 audistis?
910 2500 1015 2531 nam
1038 2483 1166 2546 plura
1186 2484 1340 2530 audire
1361 2484 1532 2531 soletis.

405 2546 640 2602 Quantum
664 2551 720 2597 de
739 2549 857 2596 bello
878 2549 1041 2596 dicitur
1062 2564 1164 2595 esse
1183 2546 1353 2610 super?

337 2610 587 2662 Postmodo
609 2615 735 2663 victa
752 2614 911 2661 cades:
951 2614 1222 2668 melioribus,
1246 2613 1415 2668 Ardea,
1439 2621 1605 2673 restas,

398 2675 611 2742 Improba
621 2698 639 2741 ς
672 2696 777 2743 quae
799 2687 979 2728 nostros
1000 2678 1129 2743 cogis
1148 2679 1306 2728 abesse
1325 2679 1463 2727 viros.
1581 2685 1708 2733 '750
