1842 2966
462 115 811 170 TRISTIUM
843 118 957 170 Lu.
976 120 1069 172 1v.
1102 128 1179 177 10.
1386 136 1485 190 215

103 243 245 295 Nec
271 246 407 309 stirps
425 247 573 309 prima
589 246 689 306 fui3
721 250 878 312 genito
889 252 990 313 jam
1010 252 1150 302 fratre
1168 265 1380 321 creatu„

204 311 307 366 Qui
329 313 470 359 tribus
492 320 597 360 ante
617 321 775 374 quater
795 318 1026 365 mensibus
1046 327 1174 371 onus
1194 332 1306 378 erat,
1419 333 1480 376 10

120 375 338 424 Lucifer
358 378 592 426 amborum
613 380 831 428 natalibus
853 382 996 430 adfuit
1016 384 1135 433 idem
1151 404 1168 436 e

202 441 321 489 Una
335 444 557 491 celebrata
576 451 645 491 est
665 460 746 506 per
767 446 857 494 duo
876 447 967 495 liba
988 449 1097 498 dies.

118 505 270 556 Haec
293 516 365 556 est
384 508 607 557 armiferae
626 509 755 557 festis
775 510 833 558 de
853 513 1053 575 quinque
1074 514 1318 579 Minervae,

200 571 333 626 Quae
346 572 444 619 fieri
463 572 618 637 pugna
635 576 780 637 prima
801 585 990 626 cruenta
1009 581 1139 629 solet.

130 635 369 686 Protinus
389 639 637 687 excolimur
656 642 812 698 teneri,
837 642 1032 705 curaque
1051 649 1251 708 parentis

200 700 340 750 Imus
362 703 421 750 ad
439 704 642 766 insignes
665 705 806 755 Urbis
829 708 885 756 ab
903 710 1003 757 arte
1021 712 1160 760 viros.

124 765 305 815 Frater
329 768 387 815 ad
407 768 635 830 eloquium
657 771 787 817 viridi
809 774 1022 822 tendebat
1042 778 1097 824 ab
1118 792 1235 838 sevo,

202 830 370 880 Fortia
388 834 567 884 verbosi
588 843 721 883 natus
743 837 799 883 ad
819 853 945 887 arma
966 839 1091 889 Fori.

131 897 208 944 At
230 897 347 944 mihi
357 900 458 962 jam
477 913 620 961 puero
639 901 842 950 coelestia
862 920 990 953 sacra
1003 907 1237 969 placebant
1247 927 1268 970 ς

201 959 359 1024 Inque
381 977 512 1010 suum
531 963 688 1020 furtim
711 966 854 1016 Musa
874 971 1079 1020 trahebat
1098 987 1225 1040 opus.
1411 982 1478 1028 20

131 1027 279 1089 Saepe
299 1032 429 1090 pater
449 1028 576 1084 dixit,
596 1029 808 1079 studium
832 1035 941 1093 quid
954 1037 1116 1086 inutile
1136 1039 1323 1093 tentas?

202 1092 471 1141 Maeonides
491 1094 638 1142 nullas
659 1095 758 1158 ipse
779 1098 958 1160 reliquit
979 1117 1104 1163 opes.

132 1157 312 1205 Motus
333 1173 455 1206 eram
477 1159 636 1207 dietis:
673 1168 862 1224 totoque
885 1163 1115 1214 Helieone
1130 1170 1303 1230 relicte,

204 1223 417 1272 Scribere
436 1225 631 1273 conabar
650 1227 790 1275 verba
807 1229 955 1276 soluta
974 1232 1137 1279 modis.

130 1288 320 1352 Sponte
339 1286 423 1337 sua
441 1303 654 1338 numeros
674 1306 857 1339 carmen
884 1296 1093 1344 veniebat
1113 1299 1171 1346 ad
1191 1307 1340 1363 aptos:

203 1354 289 1411 Et,
307 1355 429 1415 quod
449 1357 674 1404 tentabam
691 1357 853 1411 dicere,
875 1374 1036 1406 versus
1056 1368 1167 1411 erat.

131 1417 344 1475 Interea,
365 1421 504 1467 tacito
523 1433 658 1482 passu
677 1422 929 1471 labentibus
950 1426 1093 1480 annis,

206 1483 421 1535 Liberior
439 1485 568 1534 fratri
589 1494 751 1544 sumta,
773 1489 985 1550 mihique,
1007 1500 1120 1554 toga
1138 1500 1237 1542 est:
1399 1544 1410 1553 ,

137 1549 449 1613 Induiturque
468 1553 681 1601 humeros
702 1569 804 1600 cum
827 1555 921 1602 lato
941 1570 1004 1617 pu
1059 1572 1139 1604 ura
1158 1560 1291 1609 clavo
1303 1580 1318 1610 ε

158 1612 167 1617 ’
208 1615 281 1664 Et
303 1616 499 1663 studium
522 1618 663 1675 nobis,
685 1620 807 1679 quod
826 1619 914 1669 fuit
933 1634 1056 1679 ante,
1071 1631 1240 1673 manet.
1420 1633 1492 1681 30

134 1680 342 1794 Jamque
362 1682 518 1730 decem
540 1683 649 1730 vitae
670 1683 810 1732 frater
830 1688 1142 1748 geminaverat
1162 1705 1321 1750 annos,

210 1746 257 1796 C
290 1761 338 1797 m
357 1748 477 1809 perit
494 1765 510 1805 ;
533 1754 581 1794 et
602 1750 718 1812 coepi
738 1760 866 1812 parte
886 1766 1041 1800 carere
1060 1756 1168 1802 mei.
1230 1765 1234 1771 ’

252 1813 374 1861 imus
393 1819 441 1860 et
460 1820 631 1862 tenerae
650 1816 820 1877 primos
842 1819 988 1866 aetatis
1008 1820 1201 1868 honores
1211 1839 1231 1881 3

275 1892 366 1938 que
378 1878 488 1925 viris
509 1880 734 1940 quondam
744 1896 847 1944 pars
869 1883 1011 1931 tribus
1030 1900 1123 1932 una
1135 1886 1220 1933 fui.

122 1941 296 2003 scuria
314 1945 535 1992 restabat:
564 1945 682 1992 clavi
703 1962 912 1994 mensura
935 1957 1090 1997 coacta
1109 1959 1193 2000 est:

211 2007 373 2072 Majus
394 2016 490 2057 erat
511 2011 678 2057 nostris
695 2013 863 2059 viribus
883 2014 996 2060 illud
1012 2031 1143 2064 onus.

145 2072 257 2121 Nee
277 2074 453 2136 patiens
474 2090 650 2137 eorpus,
673 2092 758 2124 nec
779 2093 908 2126 mens
928 2079 1016 2127 fuit
1036 2088 1142 2144 apta
1159 2081 1315 2142 labori,
1394 2093 1400 2099 '

216 2138 522 2201 Sollicitaeque
541 2141 687 2203 fugax
707 2144 963 2192 ambitionis
984 2161 1134 2195 eram:

151 2202 225 2252 Et
244 2211 397 2266 petere
419 2203 587 2252 Ab‘niae
608 2206 852 2255 suadebant
871 2218 971 2257 tuta
992 2211 1182 2261 Sorores

215 2268 337 2324 Otia,
350 2270 525 2331 judicio
548 2287 724 2333 semper
747 2281 896 2321 amata
910 2291 1028 2323 meo.
1427 2288 1493 2331 40

148 2331 392 2397 Temporis
411 2335 533 2383 illius
554 2337 674 2383 colui
688 2336 872 2400 fovique
893 2340 1076 2402 poetam
1423 2342 1430 2347 ’

223 2399 442 2462 Ομοῐςιιε
462 2401 648 2449 aderant
669 2411 810 2459 vates,
834 2407 963 2452 rebar
984 2406 1142 2454 adesse
1163 2403 1311 2458 Deos.

156 2465 291 2528 Saepe
310 2480 416 2512 suas
434 2467 643 2514 volucres
664 2468 778 2530 legit
798 2471 908 2516 mihi
930 2473 1145 2532 grandior
1166 2488 1284 2530 aevo,

226 2529 434 2593 Quaeque
456 2539 589 2581 necet
609 2547 808 2596 serpens,
830 2551 933 2597 quae
937 2537 1071 2599 juvet
1091 2539 1240 2595 herba,
1256 2535 1438 2593 Macer.

157 2595 289 2711 Soepe
304 2610 412 2644 suos
433 2599 593 2647 solitus
613 2600 803 2648 recitare
826 2600 1088 2664 Propertius
1110 2604 1266 2667 ignes;

254 2676 333 2714 ure
352 2662 560 2715 sodalitio
583 2665 660 2727 qui
680 2665 793 2715 mihi
803 2668 995 2732 junctus
1015 2676 1127 2719 erat.
