1842 2966
566 222 954 277 PASTORUM
982 223 1089 275 Lm
1103 223 1196 275 lv,
1492 232 1551 279 91

189 359 381 409 Dxc'ra
404 356 543 407 Pales
560 359 716 406 nobis:
756 359 876 406 idem
892 356 1078 406 Vinalia
1099 359 1260 406 dicam.

273 424 392 473 Una
409 431 563 471 tamen
583 425 733 471 media
753 433 825 471 est
843 425 965 471 inter
985 430 1221 484 utramque
1241 424 1351 472 dies.

189 490 422 539 Numina
440 490 653 552 vulgares
686 489 883 536 Veneris
906 489 1128 535 celebrate
1147 489 1325 551 puellae.

272 552 435 602 Multa
452 555 757 617 professarum
777 555 1024 615 quaestibus
1046 560 1151 616 apta
1183 553 1359 603 Venus.

189 615 399 670 Pascite
418 626 520 667 ture
540 619 645 667 dato
667 619 873 673 formam,
894 619 1140 682 populique
1158 619 1393 667 favorem:

273 684 464 733 Poscite
484 685 746 740 blanditias,
771 686 999 747 dIgnaque
1021 684 1159 731 verba
1169 685 1295 747 joco.

194 749 425 812 Cumque
445 748 527 797 sua
548 750 744 797 dominae
766 751 869 797 date
890 758 1022 811 grata
1048 749 1289 810 sisymbria
1308 757 1475 811 myrto,

269 814 786 877 Textaquecompositii
795 815 968 877 juncea
987 815 1138 862 vincla
1159 813 1276 862 rosei.
1456 818 1555 865 870

193 880 406 944 Templa
425 881 699 942 frequentari
725 878 923 928 Collinae
942 882 1148 943 proxima
1168 887 1315 942 portae

270 946 419 994 Nunc
441 947 596 995 decet:
634 943 663 992 ὲ
685 945 839 994 Siculo
861 947 1049 993 nomina
1070 946 1187 993 colle
1208 952 1381 995 tenent·

197 1012 372 1074 thue
392 1012 644 1073 Syracusas
666 1011 965 1060 Arethusidas
986 1012 1172 1059 abstulit
1184 1013 1323 1059 armis

270 1077 510 1133 Claudius,
528 1084 579 1124 et
591 1077 709 1124 bello
732 1085 778 1124 te
799 1093 977 1139 quoque
998 1078 1130 1139 cepit,
1155 1077 1319 1138 Eryx;

195 1141 426 1193 Carmine
445 1143 619 1191 vivacis
644 1141 803 1188 Venus
826 1150 895 1189 est
916 1143 1133 1190 translata
1155 1141 1375 1204 Sibyllae3
1434 1187 1440 1194 .

267 1207 422 1270 Inque
444 1223 540 1256 suae
561 1208 712 1270 stirpis
731 1207 891 1253 maluit
910 1209 1022 1254 urbe
1042 1208 1146 1254 coli.

198 1268 306 1324 Cur
324 1274 468 1336 igitur
488 1273 686 1321 Veneris
704 1271 872 1320 festum
892 1272 1081 1319 ‘Vinalia
1101 1272 1267 1328 dicant,

269 1338 523 1397 Quaerifis3
544 1346 592 1386 et
613 1353 752 1400 quare
773 1338 833 1384 sit
854 1336 988 1386 Jovis
1008 1338 1096 1384 ista
1118 1337 1247 1384 dies?

198 1403 406 1460 Turnus,
429 1419 488 1452 an
510 1404 686 1451 AEneas
707 1401 857 1449 Latiae
877 1418 1022 1464 gener
1043 1408 1166 1449 esset
1185 1400 1384 1456 Amatae,

266 1469 453 1519 Bellum
476 1476 585 1518 erat.
617 1468 873 1517 Hetruscas
893 1466 1081 1515 Turnus
1102 1467 1286 1529 adoptat
1305 1481 1429 1529 opes.
1450 1469 1548 1515 880

202 1534 372 1587 Clarus
393 1542 504 1591 erat,
527 1536 774 1597 sumtisque
793 1533 927 1582 ferox
948 1532 1217 1580 Mezentius
1238 1532 1401 1582 armis:

269 1602 339 1650 Et
358 1602 435 1649 vel
454 1617 571 1662 equo
591 1615 801 1663 magnus,
821 1599 899 1647 vel
917 1598 1032 1661 pede
1052 1598 1195 1660 major
1215 1604 1327 1644 erat.

204 1667 360 1724 Quem
384 1666 546 1714 Rutuli
567 1665 842 1727 Turnusque
863 1666 959 1712 suis
980 1664 1229 1711 adsciscere
1248 1668 1428 1712 tentant

270 1733 500 1782 Partibus.
531 1730 654 1779 Haec
675 1728 832 1778 contra
854 1732 948 1778 dux
967 1730 1033 1776 ita
1047 1727 1235 1791 >Tuscus
1256 1728 1342 1776 aitz

204 1799 315 1848 Stat.
326 1799 439 1848 mihi
460 1812 554 1845 non
573 1811 715 1860 parvo
734 1797 878 1844 virtus
899 1811 1032 1843 mea:
1070 1794 1259 1842 vulnera
1276 1791 1431 1851 testes,

268 1864 515 1924 Armaque,
537 1877 642 1923 quae
663 1862 804 1925 sparsi
825 1862 1049 1925 sanguine
1070 1875 1192 1922 saepe
1207 1874 1325 1908 meo.

206 1928 300 1984 Qui
319 1931 439 1991 petis
460 1929 691 1982 auxilium,
715 1942 805 1974 non
828 1927 1017 1989 grandia
1037 1926 1186 1973 divide
1200 1939 1380 1971 meeum

267 1993 478 2049 Praemia,
502 1994 558 2040 de
579 1994 763 2040 lacubus
783 1993 989 2055 proxima
1009 1997 1161 2038 musta
1179 1991 1285 2038 tuis.
1433 1984 1540 2051 [est.

204 2058 346 2110 Nulla
355 2074 486 2106 mora
501 2067 571 2105 est
585 2073 750 2119 operae.
760 2057 979 2106 Vestrum
992 2056 1125 2114 dare3
1138 2056 1322 2104 vincere
1334 2062 1544 2106 nostrum

267 2123 422 2180 Quhm
442 2124 558 2172 ,velit
577 2123 753 2171 AEneas
772 2124 862 2171 ista
875 2129 1043 2185 negata
1060 2120 1194 2170 mihi!
1441 2123 1539 2169 890

205 2191 472 2239 Adnuerant
494 2188 670 2236 Rutuli.
703 2188 972 2235 Mezentius
992 2188 1139 2235 induit
1156 2202 1304 2235 anna:

267 2255 426 2302 Induit
447 2254 653 2311 AEneas3
688 2254 1025 2315 adloquiturque
1041 2252 1074 2301 J
1076 2267 1224 2299 ovem.

207 2321 403 2368 Hostica
422 2318 664 2381 Tyrrheno
684 2326 795 2367 vota
814 2327 884 2366 est
903 2318 1132 2365 vindemia
1152 2317 1305 2380 Regix

266 2386 460 2449 Jupiter,
483 2381 511 2431 ὲ
535 2383 672 2431 Latio
690 2384 876 2446 palmite
895 2392 1045 2430 musta
1062 2382 1197 2431 feras.

207 2452 328 2500 Vota
347 2451 504 2498 valent
522 2450 740 2497 meliora:
778 2450 897 2498 cadit
918 2448 1187 2495 Mezentius
1207 2449 1389 2511 ingens,

267 2517 422 2578 Atque
441 2516 695 2578 indignanti
710 2521 899 2577 ‚pectore
916 2513 1098 2576 plangit
1115 2513 1319 2560 humum.

207 2583 405 2634 Venerat
427 2581 706 2636 Autumnus,
730 2580 909 2627 calcatis
934 2577 1138 2626 sordidus
1153 2579 1280 2630 uvis:

268 2648 538 2697 Redduntur
556 2647 720 2696 merito
742 2645 889 2693 debita
907 2645 1015 2691 vina
1034 2643 1158 2693 Jovi.
1259 2639 1265 2648 '

210 2714 348 2764 Dicta
366 2712 462 2763 dies
484 2713 589 2760 hinc
611 2718 681 2759 est
702 2710 899 2757 Vinalia.
931 2709 1109 2771 Jupiter
1130 2708 1253 2755 illam

268 2777 494 2836 Vindicat,
517 2788 564 2828 et
582 2777 712 2830 festis
730 2777 901 2840 gaudet
920 2776 1069 2826 inesse
1091 2774 1199 2830 suis·
1417 2773 1535 2817 ‚900
