1842 2966
312 210 414 255 200
656 198 714 249 Ρ.
745 194 982 249 ovmn
1015 193 1315 247 NASONIS

318 334 501 385 Scilicet
519 332 607 380 hoc
626 328 727 394 ipso
746 343 868 380 nunc
889 342 1036 392 aequa,
1057 327 1179 392 quod
1199 325 1343 376 obfirit
1364 325 1498 387 ante,

380 396 506 448 Cum
526 412 705 445 meeum
717 396 869 460 juncti
888 395 1091 443 criminis
1110 400 1212 442 acta
1231 405 1310 441 rea
1327 401 1415 442 est.

238 514 245 519 ,
319 463 432 513 Non
455 463 663 525 equidem
681 462 859 517 vellem,
881 459 1096 522 quoniam
1116 458 1322 507 nocitura
1337 457 1556 517 fiienmt.

343 556 352 569 ·
384 528 616 578 Pi‘e‘ridum
638 528 776 576 sacris
795 526 1064 588 imposuisse
1084 538 1285 572 manum.

322 594 414 647 Sed
436 609 557 646 nunc
580 593 688 656 quid
706 592 868 639 faciam
881 590 906 635 ‘?
940 590 1011 638 vis
1031 604 1107 636 me
1127 593 1256 636 tenet
1274 588 1375 651 ipsa
1396 588 1659 639 Sororum:

385 660 453 709 Et
472 674 654 707 carmen
677 658 863 705 demens
883 655 1082 702 carmine
1101 654 1241 702 laesus
1259 667 1378 701 amo.
1611 659 1679 703 30

324 726 401 776 Sic
422 741 542 774 nova
561 723 780 772 Dulichio
800 721 921 769 lotos
941 726 1125 783 gustata
1142 718 1307 781 palato,

389 789 492 847 Illo,
516 805 606 851 quo
629 788 795 842 nocuit,
819 792 952 849 grata
973 799 1134 847 sapore
1150 782 1252 831 fuit.
1401 822 1406 824 Α

240 887 243 890 Δ
328 856 479 910 Sentit
500 868 656 902 amans
679 866 762 898 sua
782 851 948 898 damna
965 847 1096 908 fer63
1129 854 1282 896 tamen
1300 847 1450 896 haeret
1467 848 1527 897 in
1550 848 1672 899 miz:

391 919 635 970 Materiam
659 916 804 978 culpae
822 915 1194 978 persequiturque
1214 928 1325 961 suae.

324 985 432 1033 Nos
452 998 632 1046 quoque
651 980 889 1037 delectant,
912 980 1124 1041 quamvis
1143 993 1353 1033 nocuere,
1372 976 1521 1026 libelli
1534 997 1550 1028 ε

394 1047 622 1108 Quodque
643 1046 754 1093 mihi
774 1046 916 1092 telum
938 1046 1128 1092 vulnera
1145 1042 1269 1099 fecit,
1290 1057 1410 1091 amo.

328 1114 541 1164 Forsitan
562 1112 649 1158 hoc
671 1110 866 1158 studium
886 1112 1032 1173 possit
1053 1110 1178 1157 furor
1198 1124 1299 1156 esse
1319 1108 1462 1156 videri
1476 1127 1496 1157 ε

395 1178 489 1226 Sed
508 1175 717 1239 quiddam
735 1175 863 1223 furor
882 1176 959 1224 hic
980 1176 1185 1224 utilitatis
1205 1174 1353 1222 habet.

329 1244 520 1306 Semper
538 1241 587 1288 in
609 1242 769 1290 obtutu
789 1247 991 1288 mentem
1010 1247 1138 1289 vetat
1158 1254 1261 1288 esse
1278 1238 1506 1288 malorum
1516 1256 1538 1298 3

397 1307 644 1355 Praesentis
667 1306 798 1355 casus
818 1307 1220 1367 immemoremque
1236 1304 1361 1353 facit.
1620 1308 1700 1351 40-
1785 1297 1786 1308 ¹

332 1373 493 1435 thue
514 1387 647 1422 suum
669 1371 865 1419 Bacchis
886 1385 981 1418 non
1002 1372 1140 1419 sentit
1160 1371 1312 1418 saucia
1329 1369 1517 1427 vulnuS,

397 1439 530 1489 Dum
552 1443 704 1502 stupet
724 1436 901 1486 Edonis
924 1436 1154 1485 exululata
1163 1435 1326 1500 jugis3

333 1494 427 1562 Sic,
447 1505 524 1552 ubi
543 1512 671 1552 mota
691 1503 840 1552 calent
858 1503 992 1550 viridi
1013 1518 1115 1550 mea
1134 1509 1318 1564 pectora
1337 1501 1517 1565 thyrso,

402 1570 555 1619 Altior
575 1571 775 1619 humano
796 1569 979 1630 spiritus
999 1568 1077 1615 ille
1095 1567 1216 1614 malo
1237 1572 1322 1614 est.
1583 1593 1590 1597 —

340 1633 429 1684 Ille
449 1650 534 1684 nec
555 1635 778 1690 exsilium,
801 1633 1006 1693 Scythici
1026 1648 1111 1681 nec
1131 1633 1266 1680 litora
1284 1632 1429 1695 ponti,

399 1698 488 1749 Ille
509 1714 593 1748 nec
613 1701 753 1747 iratos
774 1699 913 1745 sentit
933 1699 1091 1746 adesse
1111 1697 1259 1746 Deos.

340 1763 392 1828 U
444 1779 503 1813 ue
522 1764 784 1828 soporiferae
799 1763 995 1840 biberem
1018 1764 1056 1812 si
1077 1763 1241 1826 pocula
1261 1759 1451 1818 Lethes,

336 1828 1538 1959 Jugssffiggfflffgggssofflffiffim
1649 1932 1656 1939 .

404 1960 624 2010 Sollicitae
642 1962 833 2010 comites
853 1974 913 2008 ex
936 1958 1164 2007 Helicone
1181 1959 1308 2022 fugae
1319 1975 1335 2006 ι
1623 1962 1684 2008 50

341 2023 410 2075 Et
429 2027 594 2088 partim
612 2025 793 2089 pelago,
815 2026 978 2088 partim
999 2024 1193 2088 vestigia
1214 2020 1347 2079 terra,

412 2089 500 2138 Vel
520 2098 617 2139 rate
637 2091 858 2155 dignatas,
880 2090 958 2138 vel
975 2090 1103 2154 pede,
1125 2097 1282 2138 nostra
1301 2087 1443 2150 sequi.

345 2155 450 2204 Sint
459 2170 620 2218 precor
633 2155 709 2203 hae
725 2156 884 2203 saltem
903 2154 1061 2203 faciles
1075 2155 1186 2203 mihi
1201 2173 1214 2201 ι
1252 2166 1450 2215 namque
1471 2152 1682 2203 Deorum

410 2219 577 2269 Cetera
597 2234 701 2266 cum
722 2235 890 2283 magno
916 2219 1103 2272 Oaesare
1124 2221 1255 2268 turba
1272 2219 1404 2268 facitx
1473 2239 1478 2244 ·

344 2284 521 2346 Meque
538 2290 610 2331 tot
629 2284 828 2333 adversis
851 2287 1096 2343 cumulant,
1119 2292 1233 2348 quot
1248 2285 1361 2333 litus
1378 2298 1555 2341 arenas,

410 2347 811 2408 Quotque-fretum
831 2350 991 2412 pisces,
1015 2365 1191 2412 ovaque
1208 2351 1347 2412 piscis
1365 2349 1516 2400 habet·

344 2410 472 2458 Vere
491 2410 616 2472 prius
635 2412 785 2470 flores,
806 2422 925 2462 aestu
946 2416 1200 2463 numerabis
1220 2415 1393 2470 ariam,

411 2474 558 2523 Poma
575 2492 656 2539 per
676 2486 956 2535 autumnum,
978 2479 1307 2542 frigoribusque
1327 2479 1457 2526 nives
1473 2494 1491 2535 ς

350 2535 503 2593 Quffln
523 2541 653 2596 mala,
677 2558 781 2603 quae
800 2550 899 2591 toto
920 2545 1067 2607 patior
1077 2546 1277 2607 ¹iactatus
1295 2543 1345 2591 in
1365 2544 1490 2603 ofbe,

411 2601 542 2650 Dum
563 2606 698 2654 miser
720 2606 893 2655 Euxini
911 2608 1048 2656 litora
1066 2608 1188 2657 laeva
1205 2616 1332 2670 peto.
1621 2610 1685 2657 δῦ

347 2664 453 2714 Nec
473 2676 638 2724 tamen,
661 2678 714 2718 ut
732 2673 852 2728 veni,
874 2672 1019 2721 levior
1036 2673 1219 2720 fortuna
1237 2673 1462 2720 malorum
1482 2678 1582 2721 ests
1633 2676 1658 2693 ’·

415 2729 527 2781 Huc
548 2748 728 2800 quoque
747 2744 854 2786 sunt
874 2744 1052 2786 nostras
1070 2736 1164 2787 fata
1183 2742 1342 2786 secuta
1358 2737 1471 2784 viss.
