1842 2966
824 157 977 240 ms.
1375 139 1381 146 ’
1468 165 1569 212 m

211 289 348 340 Tum
360 303 540 352 quoque
553 288 780 339 factorum
793 290 975 339 veniam
991 306 1168 340 memor
1179 292 1339 341 umbra
1346 298 1546 350 tuorum.

290 355 514 418 Insequar
534 363 581 403 et
600 356 755 404 vultus
775 372 909 405 ossea
928 357 1055 405 larva
1076 364 1194 406 tuos.
1232 385 1240 392 ·

218 422 337 472 Sive
358 437 462 485 ego,
485 422 608 482 quod
628 423 782 478 nolim,
804 423 958 488 longis
980 431 1244 471 consumtus
1266 423 1322 472 ab
1343 424 1488 480 annis,

294 486 405 535 Sive
425 502 564 535 manu
584 485 705 534 facts
725 495 873 534 morte
893 488 1070 535 solutus
1092 505 1201 536 ero:

138 547 144 557 ⁸
222 552 341 601 Sive
361 568 443 615 per
463 553 707 601 immensas
719 553 926 616 jactabor
948 553 1194 619 naufragus
1217 555 1390 613 undas3

291 617 558 679 Nostraque
578 618 856 681 longinquus
876 620 1054 666 viscera
1071 620 1209 681 piscis
1230 621 1334 667 edet
1349 638 1363 667 z

221 684 340 733 Sive
358 685 613 747 peregrinae
634 690 821 746 carpent
841 700 946 731 mea
966 686 1168 732 membra
1189 685 1426 744 volucres;

185 761 188 764 ’
293 749 403 797 Sive
423 765 528 796 meo
550 751 762 813 tinguent
782 751 1006 813 sanguine
1027 758 1176 798 rostra
1195 751 1315 813 lupiz
1416 799 1421 808 ,
1472 754 1570 800 150

219 815 339 864 Sive
360 815 521 876 aliquis
542 815 756 876 dignatus
776 816 863 862 erit
880 831 1134 877 supponere
1157 824 1306 871 terrae,

293 880 394 928 Aut
415 880 521 926 dare
541 880 716 942 plebeio
736 896 900 944 corpus
921 882 1057 929 inane
1079 898 1208 944 rogo.

225 945 463 1007 Quidquid
485 961 578 1001 ero,
603 946 779 1009 Stygiis
799 962 1037 1010 erumpere
1058 948 1178 995 nitar
1198 948 1255 995 ab
1274 947 1382 1003 oris,

295 1011 363 1069 Et
383 1011 564 1060 tendam
586 1012 760 1073 gelidas
781 1012 902 1060 ultor
923 1013 972 1060 in
993 1028 1074 1060 ora
1093 1028 1271 1061 manus.

225 1076 318 1126 Me
338 1077 537 1139 vigilans
556 1092 735 1124 cernes:
776 1080 926 1125 tacitis
948 1094 1038 1140 ego
1060 1079 1207 1126 noctis
1229 1080 1277 1126 in
1297 1079 1468 1126 umbris

290 1141 535 1191 Excutiam
561 1157 761 1197 somnos,
777 1143 903 1189 visus
925 1143 1095 1197 adesse,
1119 1152 1238 1191 tuos.

222 1207 448 1269 'Denique
469 1206 685 1268 quidquid
705 1222 830 1268 ages,
853 1215 961 1254 ante
980 1223 1034 1254 os
1056 1210 1302 1270 oculosque
1323 1210 1516 1269 volnb03

290 1273 359 1320 Et
381 1288 557 1335 querar,
580 1279 627 1319 et
648 1269 775 1323 uuus
796 1272 901 1318 sede
923 1272 1101 1333 quietus
1123 1272 1227 1320 eris.

219 1338 430 1387 Verbera
448 1344 571 1385 torta
590 1337 763 1384 dabunt
782 1337 984 1384 sonitum
1001 1370 1018 1394 ,
1053 1351 1277 1398 nexaeque
1297 1340 1494 1387 colubris

288 1402 490 1453 Conscia
507 1404 745 1450 fumabunt
762 1417 940 1466 semper
961 1401 1018 1449 ad
1039 1417 1121 1449 ora
1134 1401 1272 1449 faces.
1473 1408 1569 1453 160

218 1470 319 1522 His
340 1470 475 1518 vivus
494 1468 625 1516 furiis
646 1469 902 1531 agitabere:
941 1474 1150 1519 mortuus
1169 1467 1329 1517 isdem.

287 1536 356 1584 Et
375 1536 555 1583 brevior
575 1532 713 1597 poeni
733 1536 829 1582 vita
848 1534 1002 1581 futura
1021 1533 1104 1580 tua
1123 1542 1210 1581 est.

216 1602 328 1652 Nec
350 1601 430 1648 tibi
451 1601 721 1662 contingent
740 1600 877 1647 funus
890 1600 1182 1661 lacrimaeque
1204 1606 1386 1649 tuorum
1401 1618 1416 1647 ε

288 1665 632 1728 Indeploratum
652 1666 886 1729 projiciere
906 1674 1056 1729 caput.

222 1730 556 1793 Carnificisque
575 1745 728 1785 manu,
750 1732 919 1793 populo
940 1731 1196 1794 plaudente,
1220 1732 1443 1790 trahenti-03

290 1795 558 1859 Infixusque
578 1796 670 1844 tuis
691 1796 867 1844 ossibus
889 1812 1036 1846 uncus
1057 1797 1157 1844 erit.

222 1862 348 1928 Ipsae
370 1869 418 1910 te
437 1862 631 1924 fugient,
654 1877 757 1922 quae
778 1870 970 1926 carpunt
991 1863 1156 1917 omnia,
1179 1860 1405 1910 flammaez

293 1929 501 1990 Respuet
519 1927 717 1974 invisum
731 1928 859 1990 justa
878 1929 1071 1976 cadaver
1092 1929 1273 1974 humus.

225 1993 477 2057 Unguibus
499 1999 546 2039 et
567 1998 716 2040 rostro
738 1994 892 2040 tardus
913 1994 1063 2039 trahet
1083 1993 1160 2039 ilia
1180 1992 1337 2042 vultur
1353 2010 1368 2040 z

295 2059 364 2107 Et
384 2058 591 2106 scindent
612 2058 760 2108 avidae
779 2057 951 2121 perfida
971 2058 1108 2106 corda
1128 2073 1279 2105 canes.
1471 2061 1569 2107 170

229 2125 403 2185 Deque
424 2131 505 2171 tuo
526 2122 607 2171 fiet
630 2124 761 2188 (licet
781 2121 866 2170 hac
889 2125 952 2171 sis
972 2123 1105 2170 laude
1129 2121 1369 2185 superbus)

221 2218 226 2222 ·
295 2189 629 2237 Insatiabilibus
650 2204 840 2251 corpore
861 2191 961 2239 rixa
979 2190 1112 2252 lupis.

228 2255 290 2304 In
312 2255 414 2302 loca
436 2256 492 2302 ab
514 2253 689 2316 Elysiis
710 2256 890 2302 diversa
907 2255 1126 2317 fugabere
1147 2255 1349 2318 eampis3

299 2320 520 2382 Quasque
541 2326 701 2368 tenent
724 2321 853 2368 sedes
876 2321 1014 2368 noxia
1034 2322 1178 2376 turba,
1202 2321 1342 2368 coles.

229 2386 454 2448 Sisyphus
475 2395 546 2432 est
567 2386 661 2432 illic
681 2401 842 2433 saxum
864 2387 1145 2447 volvensque
1164 2392 1443 2448 petensque3

296 2451 482 2512 Quique
503 2451 655 2512 agitur
675 2451 843 2514 rapidae
863 2453 1045 2499 vinetus
1067 2452 1122 2498 ab
1145 2452 1253 2498 orbe
1274 2457 1414 2499 rotaez

225 2517 440 2578 Quaeque
458 2523 629 2579 gerunt
647 2514 849 2563 humeris
862 2517 1085 2578 perituras
1107 2515 1292 2564 Belides
1313 2514 1471 2569 undas,

294 2581 485 2630 Exsulis
507 2581 719 2645 AEgypfi.
742 2581 872 2628 turba
892 2588 1092 2637 cruenta,
1116 2597 1272 2628 nurus.

229 2648 381 2699 Poma
399 2655 528 2711 pater
549 2645 734 2710 Pelopis
753 2646 998 2710 praesentis
1017 2648 1193 2708 quaerit,
1216 2653 1264 2693 et
1283 2644 1403 2692 idem

294 2715 485 2778 Semper
505 2721 626 2779 eget,
647 2713 829 2777 liquidis
850 2727 1030 2776 semper
1050 2712 1248 2761 abundat
1267 2710 1396 2773 aquis
1407 2725 1429 2770 ἢ
1471 2712 1569 2758 180
