1842 2966
512 121 858 178 ms‘rmm
889 122 998 171 Lu.
1019 120 1110 171 1v.
1130 127 1178 171 2.
1414 128 1513 186 20³

144 265 287 321 Hic,
309 260 390 325 qui
411 273 532 308 nunc
552 257 601 305 in
622 258 762 304 humo
782 255 939 301 lumen
959 252 1212 302 miserabile
1229 253 1344 319 figit,

238 329 356 380 Non
374 328 465 375 isto
485 323 630 384 vultu,
654 320 759 369 cuim
781 319 886 368 tulit
903 333 1044 375 arma,
1066 318 1168 366 fuit.
1443 323 1512 365 30

148 396 261 448 :me
281 394 428 448 ferox,
451 389 594 439 oculis
615 394 661 435 et
681 386 826 433 adhuc
847 383 1082 431 hostilibus
1102 384 1276 442 ardens,

236 460 468 509 Hortatur
486 468 657 519 pugnae
678 450 1004 510 consiliumque
1023 448 1124 496 fuit.

165 525 387 577 Perfidus
406 523 480 570 hic
500 526 681 568 nostros
700 516 883 563 inclusit
901 514 1060 562 fraude
1078 514 1298 569 locorum,

242 588 458 652 Squalida
476 583 709 650 promissis
729 581 803 642 qui
825 580 944 642 tegit
965 594 1044 627 ora
1065 580 1222 625 comis.

163 657 278 713 nlo,
304 655 382 717 qui
404 652 616 714 sequitur,
640 648 797 694 dicunt
815 651 1013 692 mactata
1030 645 1238 693 ministro

236 722 381 783 ,Saepe
399 715 624 775 recusanti
644 726 833 774 corpora
851 716 983 772 capta
1002 708 1127 756 Deo.

168 787 276 837 Hic
298 785 435 839 lacus,
456 782 505 831 hi
524 785 718 833 montes,
741 778 840 823 haec
861 782 933 822 tot
953 774 1150 829 castella.
1172 778 1244 821 tot
1263 787 1433 828 amnes,

239 851 391 901 Plena
407 847 520 895 ferae
538 844 690 898 caedis,
710 842 846 904 plena
865 840 1036 887 cruoris
1056 845 1200 888 erant.

170 917 366 969 Drusus
385 915 434 961 in
454 913 527 959 his
546 908 773 972 quondam
793 906 960 953 meruit
978 904 1254 968 cognomina
1272 902 1418 961 terris,

242 983 370 1037 Quae
385 980 507 1026 bona
523 972 765 1038 progenies
785 972 925 1033 digna
942 975 1130 1051 parente
1148 968 1249 1016 fuit.
1454 970 1521 1014 40

176 1047 410 1116 Cornibus
429 1043 503 1091 hic
521 1040 679 1088 fractis
696 1037 828 1086 viridi
848 1036 969 1083 male
990 1041 1139 1084 tectus
1159 1035 1216 1084 ab
1233 1031 1355 1091 ulva,

245 1110 452 1162 Decolor
471 1109 568 1170 ipse
589 1120 672 1153 suo
693 1102 929 1165 sanguine,
950 1099 1144 1149 Rhenus
1165 1100 1267 1147 erit.

182 1178 399 1231 Crim'bus
419 1189 477 1222 en
500 1172 634 1219 etiam
654 1169 798 1216 fertur
821 1165 1071 1215 Germania
1090 1166 1249 1227 passis,

245 1242 317 1293 Et
336 1239 487 1289 Ducis
505 1236 662 1284 invicti
683 1234 766 1283 sub
785 1232 902 1294 pede
921 1236 1088 1278 moesta
1108 1229 1260 1278 sedet:

178 1309 407 1370 collaque
425 1304 652 1352 Romanae
670 1300 876 1362 praebens
895 1296 1098 1342 animosa
1118 1296 1265 1341 securi

247 1371 450 1422 Vincula
466 1368 558 1415 fert
576 1364 665 1421 illa,
688 1360 780 1425 qua
799 1361 904 1408 tulit
926 1374 1064 1414 anna,
1086 1372 1241 1405 manu.

182 1440 294 1493 Hos
315 1451 453 1500 super
472 1434 520 1481 in
542 1446 687 1486 curru,
713 1426 885 1482 Caesar,
907 1426 1081 1472 victore
1102 1420 1282 1471 veheris

249 1505 514 1566 Purpureus
532 1497 687 1561 populi
706 1495 793 1542 rite
813 1507 894 1556 per
915 1506 997 1540 ora
1016 1489 1104 1551 tui:

182 1570 385 1632 Quaque
403 1566 501 1620 ibis,
520 1563 727 1611 manibus
747 1551 1129 1619 circumplaudere
1148 1560 1329 1600 tuorum
1345 1568 1362 1611 ς
1601 1598 1608 1605 ,

126 1694 131 1699 ,
249 1634 468 1695 Undique
479 1632 654 1694 Jactato
674 1625 788 1673 flore
808 1628 993 1685 tegente
1013 1621 1126 1670 vias·
1461 1617 1526 1665 50

178 1703 416 1764 Tempora
436 1690 638 1745 Phoebea
656 1693 783 1740 lauro
805 1690 1043 1749 cingetur3
1077 1683 1235 1746 Io‘que,

247 1765 408 1821 Miles,
430 1760 503 1818 16,
522 1756 691 1822 magna
708 1770 836 1811 voce,
858 1751 1122 1814 Triumphe,
1143 1754 1289 1797 canet.

177 1835 295 1901 Ipse
314 1844 430 1880 sono
449 1828 698 1890 plausuque
720 1820 854 1869 simul
873 1818 1145 1878 fremituque
1165 1819 1406 1862 canentum

251 1894 563 1957 Quadriiugos
584 1903 741 1939 cernes
763 1900 884 1948 saepe
903 1883 1111 1930 resistere
1123 1894 1290 1942 equos·

180 1965 307 2016 Inde
325 1967 455 2025 petes
475 1970 638 2011 arcem,
664 1953 844 2000 delubra
862 1948 1063 1997 faventia
1080 1947 1231 2004 votis;

251 2029 322 2078 Et
342 2025 518 2074 dabitur
535 2019 700 2069 merito
718 2018 872 2064 laurea
890 2021 1000 2062 vota
1017 2010 1052 2062 J
1052 2013 1142 2059 ovi.

179 2096 314 2148 Haee
335 2105 427 2155 ego
448 2089 695 2140 submotus,
716 2081 806 2144 quii
825 2094 1025 2144 possum,
1046 2082 1201 2125 mente
1221 2074 1411 2130 videbo:

252 2156 420 2221 Erepti
440 2154 569 2203 nobis
581 2153 661 2216 ‚ius
682 2149 814 2196 habet
832 2146 910 2193 illa
928 2144 1033 2192 loci.

179 2229 279 2281 Illa
296 2239 382 2289 per
400 2223 645 2268 immensas
666 2214 880 2278 spatiatur
899 2211 1039 2256 libera
1059 2213 1230 2255 terras:

254 2291 318 2341 In
339 2287 507 2336 coelum
529 2282 664 2333 celeri
683 2277 890 2342 pervenit
908 2274 987 2322 illa
1004 2272 1131 2334 suga.
1192 2288 1198 2299 ·
1463 2270 1528 2314 60

180 2361 279 2412 ΠΙ»,
297 2367 426 2402 meos
447 2350 605 2399 oculos
624 2345 817 2393 mediam
839 2340 1020 2388 deducit
1038 2339 1087 2385 in
1111 2336 1316 2393 Urbem3

257 2422 495 2471 Immunes
515 2413 634 2467 tanti
652 2425 739 2459 nec
759 2409 867 2456 sinit
887 2420 989 2455 esse
1006 2403 1130 2452 boni.

186 2486 492 2545 Invenietque
510 2481 647 2535 viam,
669 2474 759 2538 qua
778 2486 938 2521 currus
960 2472 1133 2532 spectet
1152 2466 1361 2514 eburnos.

256 2554 335 2605 Sic
357 2544 481 2598 certe
502 2547 550 2594 in
569 2540 714 2608 patria
733 2555 813 2603 per
832 2539 973 2586 breve
994 2543 1170 2595 tempus
1190 2545 1284 2579 m’o.

182 2624 317 2673 vera
336 2623 491 2664 tamen
510 2609 703 2675 populus
722 2605 869 2669 capiet
888 2597 1140 2666 spectacula
1157 2595 1269 2645 felix
1282 2609 1299 2641 t

252 2686 478 2744 Laetaque
497 2678 584 2731 etit
602 2687 803 2741 praesens
823 2684 930 2723 cum
951 2665 1090 2739 Duce
1108 2663 1238 2714 turba
1259 2673 1357 2708 suo.
