1842 2966
313 93 408 139 166
528 94 535 100 ’
655 86 712 134 Ρ.
745 84 980 135 OVIDII
1013 83 1319 135 NASONIS

313 218 472 281 thue
493 216 640 273 Deos,
664 219 924 280 coelumque
947 218 1082 264 simul
1104 218 1308 274 sublime,
1333 220 1505 267 tuenti

372 284 484 332 Non
507 291 639 331 vacat
659 284 839 346 exiguis
862 285 998 330 rebus
1018 285 1177 330 adesse
1197 283 1338 341 Jovi3

308 349 367 397 A*
391 357 437 396 te
458 351 731 412 pendentem
753 352 818 396 sic
841 351 948 396 dum
972 350 1279 411 circumspicis
1300 351 1489 406 orbem,

371 414 616 478 Effugiunt
637 431 767 462 curas
787 415 1004 462 inferiora
1025 422 1140 461 tuas.

308 479 497 529 Scilicet
518 483 705 544 imperii,
732 480 967 544 Princeps,
991 482 1187 527 statione
1207 478 1369 527 relicta

374 542 627 611 Imparibus
648 548 827 609 legeres
847 546 1049 592 carmina
1067 544 1191 592 facta
1211 546 1358 593 modis
1370 545 1402 592 ¹?
1581 549 1686 593 220

308 609 422 658 Non
445 629 500 660 ea
520 621 568 660 te
588 613 735 659 moles
755 611 957 658 Romani
978 611 1177 658 nominis
1198 618 1380 674 urguet,

376 675 523 741 Inque
544 679 635 725 tuis
655 678 856 726 humeris
877 684 972 724 tam
993 677 1097 723 leve
1117 675 1263 723 fertur
1284 690 1418 733 nnuc,

308 741 508 792 Lusibus
530 752 583 791 ut
602 744 750 806 possis
771 744 1007 791 advertere
1028 756 1198 788 numen
1220 744 1398 806 ineptis,

371 809 686 869 Excutiasque
706 809 850 854 oculis
871 809 965 855 otia
986 815 1142 855 nostra
1161 808 1268 855 tuis.

304 873 446 921 Nunc
462 876 541 922 tibi
560 873 800 921 Pannonia
820 881 904 929 est',
930 889 1051 920 nunc
1074 871 1232 934 Illyris
1254 888 1334 920 ora
1356 872 1597 921 domanda
1615 890 1634 920 t

370 939 582 987 Rhaetica
598 954 726 985 nunc
746 940 958 1000 praebent
978 938 1265 1000 Thraciaque
1285 953 1413 985 arma
1427 948 1635 989 metum:

232 1052 235 1061 ,
299 1004 442 1052 Nunc
462 1006 576 1067 petit
598 1004 849 1052 Armenius
869 1019 1060 1067 pacem:
1086 1018 1214 1051 nunc
1231 1005 1429 1067 porrigit
1452 1020 1593 1052 arcus

365 1070 563 1117 Parthus
585 1084 736 1131 eques,
760 1067 920 1117 timida
942 1077 1161 1132 captaque
1183 1070 1317 1132 signa
1340 1085 1505 1119 manu.

301 1135 356 1183 N
358 1151 445 1182 unc
466 1142 515 1182 te
535 1135 663 1198 prole
678 1132 759 1182 tufi
769 1137 993 1199 juvenem
1018 1136 1270 1183 Germania
1291 1136 1433 1182 sentit
1443 1152 1463 1193 3

366 1200 588 1262 Bellaque
604 1217 685 1263 pro
700 1217 874 1264 magno
898 1199 1088 1249 Caesare
1111 1199 1272 1250 Caesar
1293 1202 1404 1249 obit,
1560 1204 1662 1248 250

304 1265 535 1329 Denique,
557 1274 610 1314 ut
628 1268 679 1314 in
701 1274 844 1322 tanto,
867 1274 1087 1329 quantum
1102 1282 1195 1313 non
1218 1267 1398 1313 exstitit
1417 1279 1646 1330 umquam,

369 1330 587 1395 Corpora,
610 1348 717 1395 pars
740 1333 865 1380 nulla
884 1340 957 1380 est
977 1348 1083 1394 quae
1103 1333 1228 1380 labet
1248 1332 1456 1395 imperii3

301 1396 427 1447 Urbs
449 1414 628 1461 quoque
651 1405 697 1447 te
718 1406 766 1446 et
787 1399 945 1462 legum
965 1398 1106 1445 lassat
1126 1398 1272 1446 tutela
1291 1405 1489 1455 tuarum,

364 1463 433 1513 Et
454 1481 648 1521 morum,
672 1464 844 1513 similes
866 1479 981 1526 quos
998 1465 1125 1527 cupis
1147 1479 1250 1512 esse
1271 1465 1378 1512 tuis.

297 1529 404 1578 Nec
426 1531 506 1590 tibi
527 1533 814 1595 contingunt,
837 1546 944 1592 quae
963 1531 1178 1594 gentibus
1199 1531 1293 1578 otia
1311 1537 1530 1594 praestasg

256 1651 257 1656 ¹
277 1611 289 1618 “
367 1595 591 1658 Bellaque
612 1609 717 1644 cum
734 1596 890 1643 multis
905 1596 1150 1657 irrequieta
1171 1597 1310 1660 geris.
1507 1595 1513 1602 ’

302 1660 453 1708 Mirer
473 1664 521 1708 in
544 1662 631 1709 hoc
654 1663 795 1724 igitur
815 1669 1044 1709 tantarum
1066 1663 1268 1724 pondere
1289 1676 1440 1709 rerum

359 1726 632 1787 *Numquam
650 1735 696 1774 te
717 1734 899 1774 nostros
921 1728 1150 1774 evoliiisse
1161 1730 1297 1794 jocos
1315 1728 1340 1773 ἱ)

308 1791 378 1840 At
401 1794 438 1838 si
464 1793 609 1855 (quod
628 1791 839 1854 mallem)
862 1807 1035 1840 vacuus
1049 1790 1251 1841 fortasse
1269 1792 1449 1854 fuisses,

363 1855 558 1904 Nullum
580 1859 771 1921 legisses
795 1860 967 1907 crimen
988 1860 1038 1905 in
1061 1858 1179 1910 Arte
1201 1857 1321 1908 mea.
1541 1861 1635 1907 240

297 1920 386 1970 Illa
407 1925 588 1986 quidem
609 1924 755 1972 fateor
777 1924 916 1972 fronti
940 1939 1034 1971 non
1057 1940 1159 1974 esse
1175 1939 1352 1973 severe

362 1989 554 2051 Scripta,
580 2006 665 2037 nec
682 1988 709 2036 a
730 1997 860 2037 tanto
883 1990 1099 2052 Principe
1122 1987 1376 2053 digna'legi
1394 2008 1409 2038 ι

296 2053 412 2102 Non
430 2062 583 2121 tamen
599 2057 768 2102 idcirco
789 2056 946 2117 legum
970 2058 1196 2103 contraria
1208 2057 1358 2119 jussis

361 2121 481 2168 Sunt
497 2137 564 2176 ea,
589 2120 825 2170 Romanas
847 2122 1151 2182 erudiuntque
1168 2137 1327 2169 nurus.

293 2184 432 2234 Neve
448 2187 608 2247 quibus
632 2186 823 2233 scribam
843 2187 991 2248 possis
1014 2187 1231 2243 dubitare,
1254 2187 1433 2235 libellus

360 2251 593 2306 Quattuor
614 2251 698 2297 hos
722 2266 881 2298 versus
904 2248 933 2298 ἑ
956 2252 1097 2299 tribus
1119 2267 1237 2300 unus
1259 2252 1428 2301 habetz

294 2315 413 2365 Este
431 2316 603 2379 procul,
625 2317 758 2364 vittae
773 2324 948 2372 tenues,
971 2317 1153 2381 insigne
1173 2318 1360 2381 pudoris
1372 2335 1392 2376 ς

364 2380 576 2442 Quaeque
597 2383 716 2445 tegis
737 2383 911 2430 medios
927 2384 1083 2430 instita
1102 2383 1245 2446 longa
1265 2384 1433 2447 pedest

296 2446 396 2501 Nil,
419 2447 506 2494 nisi
526 2447 797 2510 legitimum,
820 2464 1126 2510 concessaque
1146 2448 1281 2505 furta,
1306 2463 1528 2509 canemuu

363 2509 512 2572 Inque
533 2528 636 2560 meo
659 2514 834 2561 nullum
851 2515 1053 2561 carmine
1074 2514 1246 2561 crimen
1263 2516 1368 2563 erit.
1526 2513 1611 2576 250

301 2574 481 2640 Ecquid
503 2578 558 2626 ab
579 2577 665 2625 hac
687 2594 846 2627 omnes
868 2576 1017 2641 rigide
1038 2580 1351 2628 submovimus
1373 2578 1489 2639 Arte,

360 2640 491 2700 Quas
508 2644 625 2692 stola
646 2646 851 2710 contingi
868 2646 1073 2707 vittaque
1095 2652 1247 2695 sumta
1266 2644 1428 2711 vetati·
