<?xml version="1.0" encoding="UTF-8"?>
<!DOCTYPE html PUBLIC "-//W3C//DTD XHTML 1.0 Transitional//EN"
    "http://www.w3.org/TR/xhtml1/DTD/xhtml1-transitional.dtd">
<html xmlns="http://www.w3.org/1999/xhtml" xml:lang="en" lang="en">
 <head>
  <title>
</title>
<meta http-equiv="Content-Type" content="text/html;charset=utf-8" />
  <meta name='ocr-system' content='tesseract 3.04.00' />
  <meta name='ocr-capabilities' content='ocr_page ocr_carea ocr_par ocr_line ocrx_word'/>
</head>
<body>
  <div class='ocr_page' id='page_1' title='image "./povidiinasoniso01caregoog_0281.png"; bbox 0 0 1842 2966; ppageno 0'>
   <div class='ocr_carea' id='block_1_1' title="bbox 344 193 1528 251">
    <p class='ocr_par' dir='ltr' id='par_1_1' title="bbox 344 193 1528 251">
     <span class='ocr_line' id='line_1_1' title="bbox 344 193 1528 251; baseline -0.001 0"><span class='ocrx_word' id='word_1_1' title='bbox 344 196 663 251; x_wconf 63' lang='lat' dir='ltr'>‚EPISTOL2</span> <span class='ocrx_word' id='word_1_2' title='bbox 681 195 793 247; x_wconf 84' lang='lat' dir='ltr'>-EX</span> <span class='ocrx_word' id='word_1_3' title='bbox 826 193 1058 244; x_wconf 77' lang='lat' dir='ltr'><strong>PONTO</strong></span> <span class='ocrx_word' id='word_1_4' title='bbox 1092 195 1202 244; x_wconf 67' lang='lat' dir='ltr'>Lai.</span> <span class='ocrx_word' id='word_1_5' title='bbox 1222 194 1296 245; x_wconf 91' lang='lat'>11.</span> <span class='ocrx_word' id='word_1_6' title='bbox 1325 202 1373 247; x_wconf 83' lang='lat'>2.</span> <span class='ocrx_word' id='word_1_7' title='bbox 1420 197 1528 250; x_wconf 71' lang='lat'>‘271</span> 
     </span>
    </p>
   </div>
   <div class='ocr_carea' id='block_1_2' title="bbox 163 328 1536 2342">
    <p class='ocr_par' dir='ltr' id='par_1_2' title="bbox 163 328 1536 2342">
     <span class='ocr_line' id='line_1_2' title="bbox 180 328 1402 389; baseline -0.004 -7"><span class='ocrx_word' id='word_1_8' title='bbox 180 334 243 383; x_wconf 82' lang='lat' dir='ltr'>Si</span> <span class='ocrx_word' id='word_1_9' title='bbox 265 339 419 380; x_wconf 81' lang='lat' dir='ltr'>tamen</span> <span class='ocrx_word' id='word_1_10' title='bbox 440 333 540 379; x_wconf 87' lang='lat' dir='ltr'>haec</span> <span class='ocrx_word' id='word_1_11' title='bbox 562 329 703 385; x_wconf 77' lang='lat' dir='ltr'>audis,</span> <span class='ocrx_word' id='word_1_12' title='bbox 726 336 773 377; x_wconf 87' lang='lat' dir='ltr'>et</span> <span class='ocrx_word' id='word_1_13' title='bbox 793 342 887 375; x_wconf 83' lang='lat' dir='ltr'>vox</span> <span class='ocrx_word' id='word_1_14' title='bbox 906 341 1009 385; x_wconf 82' lang='lat' dir='ltr'>mea</span> <span class='ocrx_word' id='word_1_15' title='bbox 1031 328 1238 389; x_wconf 86' lang='lat' dir='ltr'>pervenit</span> <span class='ocrx_word' id='word_1_16' title='bbox 1256 329 1402 389; x_wconf 86' lang='lat' dir='ltr'>istuc;</span> 
     </span>
     <span class='ocr_line' id='line_1_3' title="bbox 260 392 1163 458; baseline -0.008 -13"><span class='ocrx_word' id='word_1_17' title='bbox 260 398 335 445; x_wconf 86' lang='lat' dir='ltr'>Sit</span> <span class='ocrx_word' id='word_1_18' title='bbox 355 405 434 444; x_wconf 85' lang='lat' dir='ltr'>tua</span> <span class='ocrx_word' id='word_1_19' title='bbox 454 396 673 443; x_wconf 83' lang='lat' dir='ltr'>mutando</span> <span class='ocrx_word' id='word_1_20' title='bbox 695 395 844 458; x_wconf 79' lang='lat' dir='ltr'>gratia</span> <span class='ocrx_word' id='word_1_21' title='bbox 857 392 1026 439; x_wconf 80' lang='lat' dir='ltr'>blanda</span> <span class='ocrx_word' id='word_1_22' title='bbox 1049 392 1163 438; x_wconf 84' lang='lat' dir='ltr'><strong>loco.</strong></span> 
     </span>
     <span class='ocr_line' id='line_1_4' title="bbox 185 456 1381 525; baseline -0.004 -14"><span class='ocrx_word' id='word_1_23' title='bbox 185 462 308 524; x_wconf 77' lang='lat' dir='ltr'>Hoe</span> <span class='ocrx_word' id='word_1_24' title='bbox 328 475 457 525; x_wconf 83' lang='lat' dir='ltr'>pater</span> <span class='ocrx_word' id='word_1_25' title='bbox 476 462 553 508; x_wconf 90' lang='lat' dir='ltr'>ille</span> <span class='ocrx_word' id='word_1_26' title='bbox 573 468 691 516; x_wconf 87' lang='lat' dir='ltr'>tuus,</span> <span class='ocrx_word' id='word_1_27' title='bbox 715 461 859 522; x_wconf 83' lang='lat' dir='ltr'>primo</span> <span class='ocrx_word' id='word_1_28' title='bbox 882 458 992 503; x_wconf 82' lang='lat' dir='ltr'>mihi</span> <span class='ocrx_word' id='word_1_29' title='bbox 1016 456 1164 503; x_wconf 86' lang='lat' dir='ltr'>cultus</span> <span class='ocrx_word' id='word_1_30' title='bbox 1186 458 1241 504; x_wconf 81' lang='lat' dir='ltr'>ab</span> <span class='ocrx_word' id='word_1_31' title='bbox 1264 474 1381 516; x_wconf 81' lang='lat' dir='ltr'><strong>aevo,</strong></span> 
     </span>
     <span class='ocr_line' id='line_1_5' title="bbox 260 521 1536 588; baseline -0.005 -14"><span class='ocrx_word' id='word_1_32' title='bbox 260 529 311 575; x_wconf 83' lang='lat' dir='ltr'>si</span> <span class='ocrx_word' id='word_1_33' title='bbox 334 528 442 588; x_wconf 90' lang='lat' dir='ltr'>quid</span> <span class='ocrx_word' id='word_1_34' title='bbox 464 527 596 572; x_wconf 81' lang='lat' dir='ltr'>habet</span> <span class='ocrx_word' id='word_1_35' title='bbox 618 526 778 572; x_wconf 70' lang='lat' dir='ltr'>sensus</span> <span class='ocrx_word' id='word_1_36' title='bbox 800 524 956 570; x_wconf 83' lang='lat' dir='ltr'>umbra</span> <span class='ocrx_word' id='word_1_37' title='bbox 979 521 1157 580; x_wconf 73' lang='lat' dir='ltr'>diserta;</span> <span class='ocrx_word' id='word_1_38' title='bbox 1178 524 1305 583; x_wconf 83' lang='lat' dir='ltr'>petit.</span> <span class='ocrx_word' id='word_1_39' title='bbox 1440 527 1536 574; x_wconf 90' lang='lat'>100</span> 
     </span>
     <span class='ocr_line' id='line_1_6' title="bbox 184 588 1368 654; baseline -0.006 -13"><span class='ocrx_word' id='word_1_40' title='bbox 184 592 307 642; x_wconf 85' lang='lat' dir='ltr'>Hoc</span> <span class='ocrx_word' id='word_1_41' title='bbox 329 592 443 654; x_wconf 85' lang='lat' dir='ltr'>petit</span> <span class='ocrx_word' id='word_1_42' title='bbox 464 598 511 637; x_wconf 90' lang='lat' dir='ltr'>et</span> <span class='ocrx_word' id='word_1_43' title='bbox 531 590 691 637; x_wconf 80' lang='lat' dir='ltr'>frater:</span> <span class='ocrx_word' id='word_1_44' title='bbox 730 589 939 651; x_wconf 78' lang='lat' dir='ltr'>quamvis</span> <span class='ocrx_word' id='word_1_45' title='bbox 959 588 1151 633; x_wconf 82' lang='lat' dir='ltr'>fortasse</span> <span class='ocrx_word' id='word_1_46' title='bbox 1172 595 1368 646; x_wconf 68' lang='lat' dir='ltr'>veretur,</span> 
     </span>
     <span class='ocr_line' id='line_1_7' title="bbox 258 653 1095 706; baseline -0.011 0"><span class='ocrx_word' id='word_1_47' title='bbox 258 656 478 706; x_wconf 80' lang='lat' dir='ltr'>servandi</span> <span class='ocrx_word' id='word_1_48' title='bbox 499 664 660 703; x_wconf 79' lang='lat' dir='ltr'>noceat</span> <span class='ocrx_word' id='word_1_49' title='bbox 681 670 739 701; x_wconf 85' lang='lat' dir='ltr'>ne</span> <span class='ocrx_word' id='word_1_50' title='bbox 762 654 839 700; x_wconf 89' lang='lat' dir='ltr'>tibi</span> <span class='ocrx_word' id='word_1_51' title='bbox 861 669 971 700; x_wconf 84' lang='lat' dir='ltr'>cura</span> <span class='ocrx_word' id='word_1_52' title='bbox 991 653 1095 698; x_wconf 89' lang='lat' dir='ltr'>mei.</span> 
     </span>
     <span class='ocr_line' id='line_1_8' title="bbox 182 718 1467 783; baseline -0.006 -11"><span class='ocrx_word' id='word_1_53' title='bbox 182 723 317 772; x_wconf 78' lang='lat' dir='ltr'>Tota</span> <span class='ocrx_word' id='word_1_54' title='bbox 338 723 500 769; x_wconf 84' lang='lat' dir='ltr'>domus</span> <span class='ocrx_word' id='word_1_55' title='bbox 520 723 632 783; x_wconf 88' lang='lat' dir='ltr'>petit</span> <span class='ocrx_word' id='word_1_56' title='bbox 655 721 767 766; x_wconf 84' lang='lat' dir='ltr'>hoc:</span> <span class='ocrx_word' id='word_1_57' title='bbox 808 734 892 765; x_wconf 86' lang='lat' dir='ltr'>nec</span> <span class='ocrx_word' id='word_1_58' title='bbox 914 725 965 764; x_wconf 92' lang='lat' dir='ltr'>tu</span> <span class='ocrx_word' id='word_1_59' title='bbox 987 718 1235 780; x_wconf 79' lang='lat' dir='ltr'>potes&#39;ip&#39;se</span> <span class='ocrx_word' id='word_1_60' title='bbox 1254 733 1467 782; x_wconf 50' lang='lat' dir='ltr'>negares</span> 
     </span>
     <span class='ocr_line' id='line_1_9' title="bbox 261 784 1109 846; baseline -0.008 -11"><span class='ocrx_word' id='word_1_61' title='bbox 261 788 331 836; x_wconf 86' lang='lat' dir='ltr'>Et</span> <span class='ocrx_word' id='word_1_62' title='bbox 352 803 437 834; x_wconf 83' lang='lat' dir='ltr'>nos</span> <span class='ocrx_word' id='word_1_63' title='bbox 457 787 505 833; x_wconf 85' lang='lat' dir='ltr'>in</span> <span class='ocrx_word' id='word_1_64' title='bbox 528 785 672 833; x_wconf 84' lang='lat' dir='ltr'>turbae</span> <span class='ocrx_word' id='word_1_65' title='bbox 692 792 819 846; x_wconf 85' lang='lat' dir='ltr'>parte</span> <span class='ocrx_word' id='word_1_66' title='bbox 838 784 980 829; x_wconf 83' lang='lat' dir='ltr'>fuisse</span> <span class='ocrx_word' id='word_1_67' title='bbox 1000 789 1109 829; x_wconf 88' lang='lat' dir='ltr'>tuae.</span> 
     </span>
     <span class='ocr_line' id='line_1_10' title="bbox 182 846 1350 917; baseline -0.009 -16"><span class='ocrx_word' id='word_1_68' title='bbox 182 853 378 917; x_wconf 77' lang='lat' dir='ltr'>Ingenii</span> <span class='ocrx_word' id='word_1_69' title='bbox 399 848 535 906; x_wconf 69' lang='lat' dir='ltr'>certe,</span> <span class='ocrx_word' id='word_1_70' title='bbox 558 859 648 911; x_wconf 86' lang='lat' dir='ltr'>quo</span> <span class='ocrx_word' id='word_1_71' title='bbox 671 865 755 897; x_wconf 82' lang='lat' dir='ltr'>nos</span> <span class='ocrx_word' id='word_1_72' title='bbox 776 846 895 896; x_wconf 73' lang='lat' dir='ltr'>male</span> <span class='ocrx_word' id='word_1_73' title='bbox 913 848 1141 895; x_wconf 76' lang='lat' dir='ltr'><strong>sensimus</strong></span> <span class='ocrx_word' id='word_1_74' title='bbox 1164 863 1305 905; x_wconf 59' lang='lat' dir='ltr'>usos„</span> <span class='ocrx_word' id='word_1_75' title='bbox 1344 877 1350 890; x_wconf 63' lang='lat'><em>1</em></span> 
     </span>
     <span class='ocr_line' id='line_1_11' title="bbox 258 915 1191 977; baseline -0.008 -11"><span class='ocrx_word' id='word_1_76' title='bbox 258 918 449 966; x_wconf 79' lang='lat' dir='ltr'><strong>Artibus</strong></span> <span class='ocrx_word' id='word_1_77' title='bbox 470 916 684 977; x_wconf 80' lang='lat' dir='ltr'>exceptis,</span> <span class='ocrx_word' id='word_1_78' title='bbox 706 928 827 977; x_wconf 82' lang='lat' dir='ltr'>saepe</span> <span class='ocrx_word' id='word_1_79' title='bbox 847 915 1058 976; x_wconf 74' lang='lat' dir='ltr'>probator</span> <span class='ocrx_word' id='word_1_80' title='bbox 1078 929 1191 961; x_wconf 84' lang='lat' dir='ltr'>eras.</span> 
     </span>
     <span class='ocr_line' id='line_1_12' title="bbox 182 978 1348 1041; baseline -0.005 -9"><span class='ocrx_word' id='word_1_81' title='bbox 182 983 297 1032; x_wconf 85' lang='lat' dir='ltr'>Nec</span> <span class='ocrx_word' id='word_1_82' title='bbox 318 998 434 1037; x_wconf 79' lang='lat' dir='ltr'>mea,</span> <span class='ocrx_word' id='word_1_83' title='bbox 457 983 495 1030; x_wconf 86' lang='lat' dir='ltr'>si</span> <span class='ocrx_word' id='word_1_84' title='bbox 516 978 692 1027; x_wconf 72' lang='lat' dir='ltr'>tantum</span> <span class='ocrx_word' id='word_1_85' title='bbox 713 981 897 1041; x_wconf 75' lang='lat' dir='ltr'>peecata</span> <span class='ocrx_word' id='word_1_86' title='bbox 913 979 1159 1025; x_wconf 82' lang='lat' dir='ltr'>novissima</span> <span class='ocrx_word' id='word_1_87' title='bbox 1180 979 1348 1037; x_wconf 76' lang='lat' dir='ltr'>demas,</span> 
     </span>
     <span class='ocr_line' id='line_1_13' title="bbox 255 1045 1193 1110; baseline -0.007 -13"><span class='ocrx_word' id='word_1_88' title='bbox 255 1048 379 1097; x_wconf 84' lang='lat' dir='ltr'>Esse</span> <span class='ocrx_word' id='word_1_89' title='bbox 399 1053 550 1110; x_wconf 84' lang='lat' dir='ltr'>potest</span> <span class='ocrx_word' id='word_1_90' title='bbox 570 1046 723 1093; x_wconf 89' lang='lat' dir='ltr'>domui</span> <span class='ocrx_word' id='word_1_91' title='bbox 742 1046 838 1092; x_wconf 81' lang='lat' dir='ltr'>vita</span> <span class='ocrx_word' id='word_1_92' title='bbox 857 1045 1065 1106; x_wconf 83' lang='lat' dir='ltr'>pudenda</span> <span class='ocrx_word' id='word_1_93' title='bbox 1085 1053 1193 1091; x_wconf 81' lang='lat' dir='ltr'>tuae.</span> 
     </span>
     <span class='ocr_line' id='line_1_14' title="bbox 187 1110 1290 1177; baseline -0.005 -15"><span class='ocrx_word' id='word_1_94' title='bbox 187 1115 270 1163; x_wconf 84' lang='lat' dir='ltr'>Sic</span> <span class='ocrx_word' id='word_1_95' title='bbox 287 1116 428 1177; x_wconf 86' lang='lat' dir='ltr'>igitur</span> <span class='ocrx_word' id='word_1_96' title='bbox 446 1119 614 1159; x_wconf 83' lang='lat' dir='ltr'>vestrae</span> <span class='ocrx_word' id='word_1_97' title='bbox 634 1111 820 1171; x_wconf 79' lang='lat' dir='ltr'>vigeant</span> <span class='ocrx_word' id='word_1_98' title='bbox 841 1110 1088 1171; x_wconf 82' lang='lat' dir='ltr'>penetralia</span> <span class='ocrx_word' id='word_1_99' title='bbox 1108 1111 1290 1171; x_wconf 84' lang='lat' dir='ltr'>gentis;</span> 
     </span>
     <span class='ocr_line' id='line_1_15' title="bbox 254 1174 1535 1240; baseline -0.006 -14"><span class='ocrx_word' id='word_1_100' title='bbox 254 1178 469 1240; x_wconf 84' lang='lat' dir='ltr'>Curaque</span> <span class='ocrx_word' id='word_1_101' title='bbox 491 1178 549 1223; x_wconf 88' lang='lat' dir='ltr'>sit</span> <span class='ocrx_word' id='word_1_102' title='bbox 572 1176 755 1238; x_wconf 81' lang='lat' dir='ltr'>Superis</span> <span class='ocrx_word' id='word_1_103' title='bbox 772 1174 1116 1234; x_wconf 76' lang='lat' dir='ltr'>Caesaribusque</span> <span class='ocrx_word' id='word_1_104' title='bbox 1136 1176 1203 1220; x_wconf 87' lang='lat' dir='ltr'>tui</span> <span class='ocrx_word' id='word_1_105' title='bbox 1217 1193 1231 1221; x_wconf 74' lang='lat' dir='ltr'>t</span> <span class='ocrx_word' id='word_1_106' title='bbox 1354 1189 1361 1195; x_wconf 73' lang='lat'><strong>·</strong></span> <span class='ocrx_word' id='word_1_107' title='bbox 1440 1179 1535 1223; x_wconf 84' lang='lat'>110</span> 
     </span>
     <span class='ocr_line' id='line_1_16' title="bbox 181 1236 1337 1300; baseline -0.009 -6"><span class='ocrx_word' id='word_1_108' title='bbox 181 1245 327 1300; x_wconf 80' lang='lat' dir='ltr'>Mite,</span> <span class='ocrx_word' id='word_1_109' title='bbox 350 1244 431 1294; x_wconf 85' lang='lat' dir='ltr'>sed</span> <span class='ocrx_word' id='word_1_110' title='bbox 452 1245 613 1289; x_wconf 86' lang='lat' dir='ltr'>iratum</span> <span class='ocrx_word' id='word_1_111' title='bbox 635 1236 796 1287; x_wconf 67' lang='lat' dir='ltr'>merit&amp;</span> <span class='ocrx_word' id='word_1_112' title='bbox 816 1240 926 1285; x_wconf 87' lang='lat' dir='ltr'>mihi</span> <span class='ocrx_word' id='word_1_113' title='bbox 949 1238 1149 1292; x_wconf 87' lang='lat' dir='ltr'>Numen,</span> <span class='ocrx_word' id='word_1_114' title='bbox 1173 1239 1308 1287; x_wconf 78' lang='lat' dir='ltr'>adora</span> <span class='ocrx_word' id='word_1_115' title='bbox 1321 1256 1337 1297; x_wconf 88' lang='lat'>;</span> 
     </span>
     <span class='ocr_line' id='line_1_17' title="bbox 254 1303 1160 1368; baseline -0.011 -10"><span class='ocrx_word' id='word_1_116' title='bbox 254 1309 447 1359; x_wconf 81' lang='lat' dir='ltr'>Eximat</span> <span class='ocrx_word' id='word_1_117' title='bbox 468 1315 520 1354; x_wconf 90' lang='lat' dir='ltr'>ut</span> <span class='ocrx_word' id='word_1_118' title='bbox 542 1306 742 1368; x_wconf 82' lang='lat' dir='ltr'>Scythici</span> <span class='ocrx_word' id='word_1_119' title='bbox 764 1319 839 1349; x_wconf 85' lang='lat' dir='ltr'>me</span> <span class='ocrx_word' id='word_1_120' title='bbox 858 1303 1036 1348; x_wconf 82' lang='lat' dir='ltr'>feritate</span> <span class='ocrx_word' id='word_1_121' title='bbox 1057 1303 1160 1348; x_wconf 88' lang='lat' dir='ltr'>loci.</span> 
     </span>
     <span class='ocr_line' id='line_1_18' title="bbox 186 1366 1373 1428; baseline -0.006 -5"><span class='ocrx_word' id='word_1_122' title='bbox 186 1374 398 1424; x_wconf 80' lang='lat' dir='ltr'>Difficile</span> <span class='ocrx_word' id='word_1_123' title='bbox 418 1381 500 1428; x_wconf 72' lang='lat' dir='ltr'>est,</span> <span class='ocrx_word' id='word_1_124' title='bbox 522 1372 680 1425; x_wconf 83' lang='lat' dir='ltr'>fateor,</span> <span class='ocrx_word' id='word_1_125' title='bbox 704 1370 784 1417; x_wconf 83' lang='lat' dir='ltr'>sed</span> <span class='ocrx_word' id='word_1_126' title='bbox 804 1367 950 1416; x_wconf 84' lang='lat' dir='ltr'>tendit</span> <span class='ocrx_word' id='word_1_127' title='bbox 970 1367 1017 1412; x_wconf 90' lang='lat' dir='ltr'>in</span> <span class='ocrx_word' id='word_1_128' title='bbox 1041 1366 1179 1413; x_wconf 78' lang='lat' dir='ltr'>ardua</span> <span class='ocrx_word' id='word_1_129' title='bbox 1200 1366 1373 1416; x_wconf 73' lang='lat' dir='ltr'>virtusz</span> 
     </span>
     <span class='ocr_line' id='line_1_19' title="bbox 258 1432 1075 1498; baseline -0.013 -9"><span class='ocrx_word' id='word_1_130' title='bbox 258 1440 329 1489; x_wconf 85' lang='lat' dir='ltr'>Et</span> <span class='ocrx_word' id='word_1_131' title='bbox 348 1440 451 1487; x_wconf 86' lang='lat' dir='ltr'>talis</span> <span class='ocrx_word' id='word_1_132' title='bbox 473 1438 619 1485; x_wconf 87' lang='lat' dir='ltr'>meriti</span> <span class='ocrx_word' id='word_1_133' title='bbox 642 1436 791 1498; x_wconf 82' lang='lat' dir='ltr'>gratia</span> <span class='ocrx_word' id='word_1_134' title='bbox 810 1434 955 1495; x_wconf 85' lang='lat' dir='ltr'>major</span> <span class='ocrx_word' id='word_1_135' title='bbox 977 1432 1075 1478; x_wconf 79' lang='lat' dir='ltr'>erit·</span> 
     </span>
     <span class='ocr_line' id='line_1_20' title="bbox 182 1497 1405 1559; baseline -0.011 -3"><span class='ocrx_word' id='word_1_136' title='bbox 182 1506 296 1556; x_wconf 84' lang='lat' dir='ltr'>Nec</span> <span class='ocrx_word' id='word_1_137' title='bbox 316 1513 469 1552; x_wconf 79' lang='lat' dir='ltr'>tamen</span> <span class='ocrx_word' id='word_1_138' title='bbox 490 1503 707 1550; x_wconf 86' lang='lat' dir='ltr'>AEtnaeus</span> <span class='ocrx_word' id='word_1_139' title='bbox 727 1507 856 1547; x_wconf 81' lang='lat' dir='ltr'>vasto</span> <span class='ocrx_word' id='word_1_140' title='bbox 882 1497 1191 1559; x_wconf 76' lang='lat' dir='ltr'>Polyphemus</span> <span class='ocrx_word' id='word_1_141' title='bbox 1205 1498 1253 1544; x_wconf 87' lang='lat' dir='ltr'>in</span> <span class='ocrx_word' id='word_1_142' title='bbox 1275 1505 1405 1547; x_wconf 77' lang='lat' dir='ltr'>antro</span> 
     </span>
     <span class='ocr_line' id='line_1_21' title="bbox 257 1566 1120 1633; baseline -0.013 -15"><span class='ocrx_word' id='word_1_143' title='bbox 257 1571 468 1633; x_wconf 80' lang='lat' dir='ltr'>Accipiet</span> <span class='ocrx_word' id='word_1_144' title='bbox 488 1584 625 1616; x_wconf 77' lang='lat' dir='ltr'>voees</span> <span class='ocrx_word' id='word_1_145' title='bbox 647 1566 976 1627; x_wconf 83' lang='lat' dir='ltr'>Antiphatesve</span> <span class='ocrx_word' id='word_1_146' title='bbox 996 1570 1120 1609; x_wconf 77' lang='lat' dir='ltr'>tuasz</span> 
     </span>
     <span class='ocr_line' id='line_1_22' title="bbox 188 1627 1458 1699; baseline -0.008 -14"><span class='ocrx_word' id='word_1_147' title='bbox 188 1637 289 1687; x_wconf 86' lang='lat' dir='ltr'>Sed</span> <span class='ocrx_word' id='word_1_148' title='bbox 307 1636 509 1699; x_wconf 79' lang='lat' dir='ltr'>placidus</span> <span class='ocrx_word' id='word_1_149' title='bbox 526 1633 759 1693; x_wconf 77' lang='lat' dir='ltr'>facilisque</span> <span class='ocrx_word' id='word_1_150' title='bbox 782 1629 968 1684; x_wconf 78' lang='lat' dir='ltr'>Pax-ens,</span> <span class='ocrx_word' id='word_1_151' title='bbox 989 1627 1229 1688; x_wconf 82' lang='lat' dir='ltr'>veniaeque</span> <span class='ocrx_word' id='word_1_152' title='bbox 1246 1631 1458 1690; x_wconf 69' lang='lat' dir='ltr'>paratu83</span> 
     </span>
     <span class='ocr_line' id='line_1_23' title="bbox 253 1695 1212 1762; baseline -0.011 -13"><span class='ocrx_word' id='word_1_153' title='bbox 253 1701 323 1751; x_wconf 84' lang='lat' dir='ltr'>Et</span> <span class='ocrx_word' id='word_1_154' title='bbox 343 1702 417 1762; x_wconf 86' lang='lat' dir='ltr'>qui</span> <span class='ocrx_word' id='word_1_155' title='bbox 438 1699 657 1746; x_wconf 79' lang='lat' dir='ltr'>fulmineo</span> <span class='ocrx_word' id='word_1_156' title='bbox 679 1713 800 1759; x_wconf 85' lang='lat' dir='ltr'>saepe</span> <span class='ocrx_word' id='word_1_157' title='bbox 819 1696 918 1742; x_wconf 84' lang='lat' dir='ltr'>sine</span> <span class='ocrx_word' id='word_1_158' title='bbox 939 1695 1047 1755; x_wconf 82' lang='lat' dir='ltr'>igne</span> <span class='ocrx_word' id='word_1_159' title='bbox 1066 1699 1212 1740; x_wconf 80' lang='lat' dir='ltr'>tonat.</span> 
     </span>
     <span class='ocr_line' id='line_1_24' title="bbox 181 1758 1414 1824; baseline -0.006 -9"><span class='ocrx_word' id='word_1_160' title='bbox 181 1768 306 1824; x_wconf 76' lang='lat' dir='ltr'>Qui,</span> <span class='ocrx_word' id='word_1_161' title='bbox 329 1763 433 1813; x_wconf 71' lang='lat' dir='ltr'>euin</span> <span class='ocrx_word' id='word_1_162' title='bbox 454 1766 584 1812; x_wconf 85' lang='lat' dir='ltr'>triste</span> <span class='ocrx_word' id='word_1_163' title='bbox 606 1763 772 1822; x_wconf 77' lang='lat' dir='ltr'>aliquid</span> <span class='ocrx_word' id='word_1_164' title='bbox 794 1762 962 1814; x_wconf 80' lang='lat' dir='ltr'>statuit,</span> <span class='ocrx_word' id='word_1_165' title='bbox 986 1758 1039 1805; x_wconf 87' lang='lat' dir='ltr'>fit</span> <span class='ocrx_word' id='word_1_166' title='bbox 1058 1759 1201 1805; x_wconf 77' lang='lat' dir='ltr'>tristis</span> <span class='ocrx_word' id='word_1_167' title='bbox 1223 1765 1270 1805; x_wconf 90' lang='lat' dir='ltr'>et</span> <span class='ocrx_word' id='word_1_168' title='bbox 1290 1759 1414 1821; x_wconf 70' lang='lat' dir='ltr'>ipset</span> 
     </span>
     <span class='ocr_line' id='line_1_25' title="bbox 258 1827 1535 1893; baseline -0.009 -14"><span class='ocrx_word' id='word_1_169' title='bbox 258 1831 438 1893; x_wconf 86' lang='lat' dir='ltr'>Cuique</span> <span class='ocrx_word' id='word_1_170' title='bbox 458 1827 554 1880; x_wconf 71' lang='lat' dir='ltr'>fere</span> <span class='ocrx_word' id='word_1_171' title='bbox 575 1843 756 1891; x_wconf 80' lang='lat' dir='ltr'>poenam</span> <span class='ocrx_word' id='word_1_172' title='bbox 780 1841 958 1875; x_wconf 86' lang='lat' dir='ltr'>sumere</span> <span class='ocrx_word' id='word_1_173' title='bbox 977 1839 1115 1885; x_wconf 76' lang='lat' dir='ltr'>poena</span> <span class='ocrx_word' id='word_1_174' title='bbox 1136 1838 1221 1871; x_wconf 75' lang='lat' dir='ltr'>sua</span> <span class='ocrx_word' id='word_1_175' title='bbox 1240 1830 1324 1871; x_wconf 77' lang='lat' dir='ltr'>est.</span> <span class='ocrx_word' id='word_1_176' title='bbox 1436 1827 1535 1872; x_wconf 80' lang='grc'>120</span> 
     </span>
     <span class='ocr_line' id='line_1_26' title="bbox 188 1889 1367 1954; baseline -0.008 -8"><span class='ocrx_word' id='word_1_177' title='bbox 188 1899 333 1946; x_wconf 66' lang='lat' dir='ltr'>Vaicta</span> <span class='ocrx_word' id='word_1_178' title='bbox 353 1905 504 1943; x_wconf 80' lang='lat' dir='ltr'>tamen</span> <span class='ocrx_word' id='word_1_179' title='bbox 525 1896 637 1942; x_wconf 85' lang='lat' dir='ltr'>vitio</span> <span class='ocrx_word' id='word_1_180' title='bbox 658 1899 728 1940; x_wconf 76' lang='lat' dir='ltr'>est</span> <span class='ocrx_word' id='word_1_181' title='bbox 748 1892 882 1954; x_wconf 85' lang='lat' dir='ltr'>hujus</span> <span class='ocrx_word' id='word_1_182' title='bbox 903 1889 1142 1936; x_wconf 77' lang='lat' dir='ltr'>elementia</span> <span class='ocrx_word' id='word_1_183' title='bbox 1163 1900 1342 1936; x_wconf 74' lang='lat' dir='ltr'>nosti-02</span> <span class='ocrx_word' id='word_1_184' title='bbox 1362 1918 1367 1925; x_wconf 83' lang='lat'>,</span> 
     </span>
     <span class='ocr_line' id='line_1_27' title="bbox 256 1959 1077 2010; baseline -0.012 0"><span class='ocrx_word' id='word_1_185' title='bbox 256 1962 402 2010; x_wconf 86' lang='lat' dir='ltr'>Venit</span> <span class='ocrx_word' id='word_1_186' title='bbox 423 1969 468 2008; x_wconf 89' lang='lat' dir='ltr'>et</span> <span class='ocrx_word' id='word_1_187' title='bbox 485 1961 540 2006; x_wconf 82' lang='lat' dir='ltr'>ad</span> <span class='ocrx_word' id='word_1_188' title='bbox 562 1960 681 2006; x_wconf 82' lang='lat' dir='ltr'>vires</span> <span class='ocrx_word' id='word_1_189' title='bbox 694 1959 761 2005; x_wconf 81' lang='lat' dir='ltr'>ira</span> <span class='ocrx_word' id='word_1_190' title='bbox 782 1963 938 2004; x_wconf 77' lang='lat' dir='ltr'>coacta</span> <span class='ocrx_word' id='word_1_191' title='bbox 959 1970 1077 2002; x_wconf 82' lang='lat' dir='ltr'>suas.</span> 
     </span>
     <span class='ocr_line' id='line_1_28' title="bbox 192 2019 1301 2088; baseline -0.013 -11"><span class='ocrx_word' id='word_1_192' title='bbox 192 2029 291 2085; x_wconf 77' lang='lat' dir='ltr'>Qui</span> <span class='ocrx_word' id='word_1_193' title='bbox 311 2028 523 2088; x_wconf 82' lang='lat' dir='ltr'>quoniam</span> <span class='ocrx_word' id='word_1_194' title='bbox 538 2022 683 2087; x_wconf 57' lang='lat' dir='ltr'>patris</span> <span class='ocrx_word' id='word_1_195' title='bbox 705 2031 802 2070; x_wconf 82' lang='lat' dir='ltr'>toto</span> <span class='ocrx_word' id='word_1_196' title='bbox 818 2036 975 2069; x_wconf 79' lang='lat' dir='ltr'>sumus</span> <span class='ocrx_word' id='word_1_197' title='bbox 997 2020 1104 2066; x_wconf 88' lang='lat' dir='ltr'>orbe</span> <span class='ocrx_word' id='word_1_198' title='bbox 1124 2019 1301 2074; x_wconf 85' lang='lat' dir='ltr'>remoti,</span> 
     </span>
     <span class='ocr_line' id='line_1_29' title="bbox 257 2083 1247 2152; baseline -0.009 -11"><span class='ocrx_word' id='word_1_199' title='bbox 257 2093 364 2140; x_wconf 85' lang='lat' dir='ltr'>Nee</span> <span class='ocrx_word' id='word_1_200' title='bbox 385 2093 491 2139; x_wconf 82' lang='lat' dir='ltr'>lieet</span> <span class='ocrx_word' id='word_1_201' title='bbox 512 2098 616 2138; x_wconf 82' lang='lat' dir='ltr'>ante</span> <span class='ocrx_word' id='word_1_202' title='bbox 635 2090 757 2152; x_wconf 85' lang='lat' dir='ltr'>ipsos</span> <span class='ocrx_word' id='word_1_203' title='bbox 771 2087 1063 2150; x_wconf 75' lang='lat' dir='ltr'>procubuisse</span> <span class='ocrx_word' id='word_1_204' title='bbox 1084 2083 1219 2133; x_wconf 71' lang='lat' dir='ltr'>Deos</span> <span class='ocrx_word' id='word_1_205' title='bbox 1229 2100 1247 2141; x_wconf 71' lang='grc' dir='ltr'><strong><em>ς</em></strong></span> 
     </span>
     <span class='ocr_line' id='line_1_30' title="bbox 163 2149 1495 2216; baseline -0.006 -10"><span class='ocrx_word' id='word_1_206' title='bbox 163 2156 168 2163; x_wconf 76' lang='lat'><em>&#39;</em></span> <span class='ocrx_word' id='word_1_207' title='bbox 192 2160 329 2216; x_wconf 76' lang='lat' dir='ltr'>Quos</span> <span class='ocrx_word' id='word_1_208' title='bbox 350 2157 473 2212; x_wconf 79' lang='lat' dir='ltr'>colis,</span> <span class='ocrx_word' id='word_1_209' title='bbox 494 2156 552 2204; x_wconf 77' lang='lat' dir='ltr'>ad</span> <span class='ocrx_word' id='word_1_210' title='bbox 575 2155 771 2216; x_wconf 79' lang='lat' dir='ltr'>Superos</span> <span class='ocrx_word' id='word_1_211' title='bbox 792 2155 890 2199; x_wconf 84' lang='lat' dir='ltr'>haee</span> <span class='ocrx_word' id='word_1_212' title='bbox 909 2151 981 2198; x_wconf 84' lang='lat' dir='ltr'>fer</span> <span class='ocrx_word' id='word_1_213' title='bbox 1000 2150 1212 2197; x_wconf 76' lang='lat' dir='ltr'>mandata</span> <span class='ocrx_word' id='word_1_214' title='bbox 1230 2149 1467 2199; x_wconf 77' lang='lat' dir='ltr'>sacerdos:</span> <span class='ocrx_word' id='word_1_215' title='bbox 1488 2158 1495 2187; x_wconf 72' lang='grc' dir='ltr'><em>ἲ</em></span> 
     </span>
     <span class='ocr_line' id='line_1_31' title="bbox 258 2216 1393 2283; baseline -0.011 -11"><span class='ocrx_word' id='word_1_216' title='bbox 258 2223 393 2272; x_wconf 85' lang='lat' dir='ltr'>Adde</span> <span class='ocrx_word' id='word_1_217' title='bbox 414 2223 494 2269; x_wconf 84' lang='lat' dir='ltr'>sed</span> <span class='ocrx_word' id='word_1_218' title='bbox 512 2228 560 2268; x_wconf 85' lang='lat' dir='ltr'>et</span> <span class='ocrx_word' id='word_1_219' title='bbox 578 2220 781 2283; x_wconf 81' lang='lat' dir='ltr'>proprias</span> <span class='ocrx_word' id='word_1_220' title='bbox 801 2220 849 2264; x_wconf 89' lang='lat' dir='ltr'>in</span> <span class='ocrx_word' id='word_1_221' title='bbox 870 2230 972 2264; x_wconf 83' lang='lat' dir='ltr'>mea</span> <span class='ocrx_word' id='word_1_222' title='bbox 986 2216 1123 2263; x_wconf 81' lang='lat' dir='ltr'>verba</span> <span class='ocrx_word' id='word_1_223' title='bbox 1142 2229 1313 2276; x_wconf 73' lang='lat' dir='ltr'>preces.</span> <span class='ocrx_word' id='word_1_224' title='bbox 1388 2226 1393 2232; x_wconf 91' lang='grc'><strong><em>’</em></strong></span> 
     </span>
     <span class='ocr_line' id='line_1_32' title="bbox 193 2281 1336 2342; baseline -0.013 -2"><span class='ocrx_word' id='word_1_225' title='bbox 193 2289 274 2340; x_wconf 78' lang='lat' dir='ltr'>sic</span> <span class='ocrx_word' id='word_1_226' title='bbox 295 2296 445 2336; x_wconf 76' lang='lat' dir='ltr'>tamen</span> <span class='ocrx_word' id='word_1_227' title='bbox 465 2288 566 2335; x_wconf 83' lang='lat' dir='ltr'>haec</span> <span class='ocrx_word' id='word_1_228' title='bbox 587 2293 726 2342; x_wconf 77' lang='lat' dir='ltr'>tenta,</span> <span class='ocrx_word' id='word_1_229' title='bbox 750 2285 789 2331; x_wconf 85' lang='lat' dir='ltr'>si</span> <span class='ocrx_word' id='word_1_230' title='bbox 810 2298 902 2330; x_wconf 81' lang='lat' dir='ltr'>nun</span> <span class='ocrx_word' id='word_1_231' title='bbox 919 2284 1125 2329; x_wconf 84' lang='lat' dir='ltr'>nocitura</span> <span class='ocrx_word' id='word_1_232' title='bbox 1144 2281 1336 2342; x_wconf 76' lang='lat' dir='ltr'>putabis.</span> 
     </span>
    </p>
   </div>
   <div class='ocr_carea' id='block_1_3' title="bbox 259 2345 1290 2419">
    <p class='ocr_par' dir='ltr' id='par_1_3' title="bbox 259 2345 1290 2419">
     <span class='ocr_line' id='line_1_33' title="bbox 259 2345 1290 2419; baseline -0.007 -18"><span class='ocrx_word' id='word_1_233' title='bbox 259 2352 505 2419; x_wconf 56' lang='lat' dir='ltr'>Ignosce&amp;</span> <span class='ocrx_word' id='word_1_234' title='bbox 532 2352 672 2400; x_wconf 82' lang='lat' dir='ltr'>timeo</span> <span class='ocrx_word' id='word_1_235' title='bbox 693 2349 938 2414; x_wconf 73' lang='lat' dir='ltr'>naufragus</span> <span class='ocrx_word' id='word_1_236' title='bbox 960 2358 1096 2396; x_wconf 84' lang='lat' dir='ltr'>omne</span> <span class='ocrx_word' id='word_1_237' title='bbox 1108 2345 1290 2395; x_wconf 61' lang='lat' dir='ltr'>fretinn-</span> 
     </span>
    </p>
   </div>
  </div>
 </body>
</html>
