1842 2966
367 90 675 148 EPISTOL.
710 93 809 145 Ex
845 92 1075 144 PONTO
1104 91 1210 143 Lni.
1232 93 1301 142 11.
1323 102 1369 146 9.
1443 97 1541 144 285

176 222 361 279 Caesar
379 223 436 277 'ut
455 223 630 291 imperii
651 229 911 276 moderetur
930 227 1059 274 frena
1078 223 1328 289 precamur,

258 294 382 343 Tam
403 297 520 350 bene
540 310 631 355 quo
653 295 809 356 patriae
830 293 1026 342 consulit
1046 293 1121 339 ille
1142 308 1264 340 suae.

178 360 391 408 Utilitas
412 361 551 422 igitur
573 365 765 421 magnos
786 360 1081 426 hominesque
1101 357 1322 419 Deosque

258 426 453 482 Efficit;
488 426 665 471 auxiliis
681 440 863 502 quoque
883 420 1073 471 favente
1087 424 1193 470 suis.
1360 435 1371 441 ·

175 490 270 539 Tu
292 506 476 551 quoque
496 490 567 537 fac
587 492 732 552 prosis
754 491 872 536 intra
893 497 972 536 tua
990 496 1138 535 castra
1149 488 1339 550 jacenti‚·

259 555 308 606 Ο
333 554 472 616 Coty,
496 556 735 619 progenies
756 555 895 617 digna
914 562 1101 616 parente
1121 561 1231 601 tuo.

185 619 495 671 conveniens
516 621 687 667 homini
709 627 791 676 est,
817 621 1043 667 hominem
1068 633 1260 675 servare,
1281 618 1517 681 voluptas:

260 686 333 734 Et
355 684 516 732 melius
538 686 664 732 nulla
683 681 908 750 quaeritur·
920 694 1018 732 arte
1037 684 1181 732 favor.
1442 688 1541 730 40

184 752 319 807 Quis
339 766 434 797 non
456 751 737 812 Antiphaten
759 750 1068 812 Laestrygona
1089 748 1314 797 devovet?
1346 753 1425 795 aut
1441 745 1542 810 quis

267 815 483 863 Munifiei
505 832 670 863 mores
676 817 897 878 improbat
919 816 1137 863 Alcinoi?

189 881 313 930 Non
335 883 418 928 tibi
443 880 753 929 Cassandreus
774 890 901 943 pater
923 889 1005 936 est,
1027 882 1239 945 gentisve
1261 880 1492 935 Pheraeae,

265 947 422 1001 Quive
442 954 716 1008 repertorem
738 948 901 994 torruit
921 955 1018 994 arte
1040 946 1146 995 sud:

193 1012 293 1061 Sed
314 1009 451 1073 quam
475 1011 630 1059 Marte
649 1010 792 1066 ferox,
815 1019 863 1058 et
884 1014 1006 1059 vinci
1026 1014 1208 1060 nescius
1228 1012 1379 1068 armis,

261 1077 386 1125 Tam
409 1092 654 1138 numquam
676 1075 796 1123 facta
815 1093 927 1140 pace
949 1079 1120 1125 cruoris
1141 1094 1316 1132 amans.

193 1144 351 1198 Adde,
375 1140 527 1203 qudd
517 1157 738 1204 mgenuas
759 1142 967 1189 didicisse
987 1142 1176 1192 fideliter
1199 1151 1332 1199 artes,

264 1208 464 1257 Emollit
483 1223 646 1268 mores,
671 1223 755 1254 nec
778 1209 886 1253 sinit
908 1222 1009 1253 esse
1029 1207 1164 1254 feros.

193 1272 307 1321 Nec
332 1272 517 1335 Regum
539 1274 773 1335 quisquam
796 1272 945 1333 magis
967 1278 1037 1317 est
1056 1266 1304 1319 instructus
1327 1275 1382 1319 ab
1402 1274 1505 1327 illis,

264 1338 464 1385 Mitibus
486 1345 563 1384 aut
584 1339 744 1385 studiis
766 1346 971 1413 tempora
989 1337 1120 1398 plura
1142 1337 1279 1383 dedit.
1319 1377 1325 1382 .
1481 1341 1548 1386 50

198 1403 425 1455 Carmina
445 1410 698 1461 testantur3
734 1418 850 1465 quae,
875 1403 912 1449 si
937 1409 1015 1448 tua
1035 1402 1221 1449 nomina
1243 1402 1410 1459 demas,

266 1466 568 1516 Threicium*
549 1485 766 1533 Juvenem
790 1469 1098 1530 composuisse
1120 1482 1299 1531 negem.

197 1535 344 1583 Neve
365 1526 448 1581 sub
469 1536 555 1582 hoc
578 1542 723 1581 tractu
745 1543 871 1581 vates
892 1533 1011 1580 foret
1033 1534 1194 1580 unicus
1216 1532 1441 1595 Orpheus,

268 1600 509 1647 Bistonis'
497 1601 683 1662 ingenio
704 1608 824 1646 terra
830 1602 1035 1682 superba
1055 1607 1136 1645 tuo
1159 1608 1242 1645 est.

200 1665 371 1726 thue
381 1665 469 1712 tibi
492 1673 562 1712 est
582 1667 771 1720 animus,
795 1663 899 1712 eum
925 1682 996 1712 res
1017 1667 1081 1712 ita
1101 1665 1313 1728 postulat,
1337 1678 1462 1710 arma

273 1730 476 1785 Sumere,
501 1738 548 1777 et
568 1730 718 1777 hostili
741 1726 950 1793 finguere
971 1732 1096 1778 eaede
1114 1745 1333 1777 manum·
1318 1765 1334 1788 ,

199 1797 378 1910 Αίέοε,
338 1802 454 1850 e‚u·t
475 1811 536 1852 es,
560 1811 752 1842 excusso
763 1798 967 1858 jaculum
991 1804 1200 1872 torquere
1220 1796 1404 1850 lucei-tc,

349 1861 497 1922 llaque
519 1860 689 1907 velocis
710 1861 892 1908 flectere
913 1863 1075 1909 doctus
1095 1861 1231 1922 equi,

199 1925 438 1988 Tempora
460 1927 524 1972 sic
547 1926 650 1972 data
672 1935 778 1972 sunt
799 1927 958 1973 studiis
981 1927 1055 1972 ubi
1067 1927 1195 1988 justa
1212 1925 1426 1987 paternis,

275 1991 435 2052 thue
457 1993 549 2037 suis
571 1992 770 2036 humeris
790 1989 908 2037 forte
929 1992 1099 2051 quievit
1121 2006 1264 2053 opus·
1247 2025 1264 2048 ‚
1485 1994 1552 2038 60

201 2056 285 2105 Ne
306 2062 387 2103 tua
407 2064 688 2103 marcescant
708 2070 789 2117 per
809 2057 977 2102 inertes
999 2057 1092 2103 otia
1113 2071 1311 2111 somnos,

274 2120 452 2168 Lucida
476 2119 625 2167 Pi'eriz‘i
645 2120 792 2167 tendis
814 2123 859 2167 in
883 2128 1004 2168 astra
1024 2120 1112 2168 via.

205 2185 334 2235 Haec
357 2202 535 2247 quoque
558 2201 629 2232 res
651 2186 817 2247 aliquid
838 2194 988 2233 tecum
1010 2188 1121 2234 mihi
1139 2187 1325 2235 foederis
1347 2185 1491 2235 adfert
1506 2182 1543 2233 ε’

273 2251 495 2313 Ejusdem
518 2251 631 2297 sacri
652 2251 799 2298 cultor
820 2259 1009 2313 uterque
1031 2268 1201 2299 sumus.

197 2316 288 2365 -Ad
310 2318 461 2363 vatent
484 2323 613 2362 vates
634 2318 808 2363 orantia
826 2319 1008 2364 brachia
1028 2319 1179 2374 tendo,

272 2379 420 2428 Terra
440 2382 499 2428 sit
519 2380 689 2427 exsiliis
710 2389 761 2426 ut
783 2389 860 2428 tua
878 2382 970 2429 fida
990 2384 1118 2429 meis.

206 2446 321 2495 Non
344 2461 435 2507 ego
456 2447 581 2494 caede
602 2460 771 2492 nocens
794 2447 839 2495 in
866 2445 1059 2493 Pontica
1076 2447 1210 2494 litora
1229 2448 1368 2504 veni5

275 2511 488 2559 Mixtave
510 2517 616 2558 sunt
636 2510 791 2557 nostra
810 2512 907 2557 dira
928 2526 1105 2558 venena
1124 2526 1289 2559 manu:

209 2576 317 2626 Nee
338 2591 441 2624 mea
462 2573 659 2638 subject&
680 2576 888 2625 convicta
909 2583 979 2622 est
1000 2591 1182 2638 gemma
1202 2574 1366 2625 tabella

276 2640 552 2697 Mendacem
574 2642 679 2690 linis
701 2642 968 2705 imposuisse
988 2648 1159 2690 notam.
1491 2647 1562 2692 70
