1842 2966
533 130 882 216 mss-mm
913 165 1097 219 Lm.-
1122 174 1198 220 10.
1428 178 1540 225 -157

171 295 352 359 thue
372 295 453 344 tibi
473 308 664 358 prosunt
683 305 817 353 artes,
838 296 1045 355 facunde,
1068 315 1272 362 severae3
1355 294 1360 297 ²

247 362 520 410 Dissimiles
541 362 629 409 illis
647 363 712 409 sic
732 378 930 410 nocuere
952 365 1077 412 mibi.

172 426 303 475 Vita
323 435 478 474 tamen
499 427 579 473 tibi
601 435 710 475 nota
730 443 834 475 mea
852 435 947 475 est:
987 431 1075 477 scis
1097 432 1264 480 artibus
1283 433 1374 482 illis

250 493 475 539 Auctoris
495 508 645 540 mores
666 493 936 541 abstinuisse
950 496 1035 541 sui.
1468 505 1537 548 60

176 559 291 607 Scis
313 565 448 605 vetus
470 559 556 604 hoc
569 559 731 620 juveni
753 559 903 605 lusum
926 560 1037 606 mihi
1059 575 1269 609 carmen:
1298 570 1345 610 et
1364 565 1495 622 istos,

253 621 328 670 Ut
350 639 445 670 non
465 623 727 679 laudandos,
745 625 809 671 sic
830 631 983 671 tamen
1006 640 1107 672 esse
1118 628 1267 690 jocos.

174 686 321 751 Ergo
345 695 397 734 ut
420 687 598 740 defendi
619 689 744 735 nullo
766 705 868 736 mea
887 705 1023 752 posse
1043 692 1209 749 colore,

253 755 334 801 Sic
358 755 562 800 excusari
582 755 772 800 crimina
789 770 926 817 posse
944 763 1071 816 puto·

179 819 298 877 Qua
318 826 464 882 potes,
487 834 680 866 excusa:
719 835 805 867 nec
824 821 956 867 amici
979 822 1136 868 desere
1156 837 1378 872 caussam.

253 885 367 941 Quo
385 885 500 931 bene
522 885 711 948 coepisti,
735 886 800 932 sic
819 887 935 949 pede
957 902 1135 950 semper
1154 904 1246 936 eas.

674 1078 945 1131 ELEGIA
978 1084 1044 1132 X.

178 1211 290 1261 Esa-
310 1211 437 1267 mihi,
459 1212 619 1273 sitque,
638 1227 811 1274 precor,
835 1211 970 1260 flavae
991 1214 1133 1262 tutela
1153 1214 1386 1264 Minervas

244 1277 434 1334 -Navis;
457 1285 504 1324 et
519 1275 548 1324 a
564 1275 686 1338 picta
704 1278 878 1325 casside
899 1294 1065 1326 nomen
1088 1280 1234 1327 habet.

184 1343 300 1392 Sive
324 1357 435 1405 opus
457 1349 527 1389 est
547 1343 689 1399 velis3
713 1343 948 1389 minimam
968 1345 1083 1391 bene
1105 1346 1243 1391 currit
1264 1347 1323 1392 ad
1344 1359 1523 1395 auramz

258 1408 369 1456 Sive
391 1424 503 1470 opus
526 1414 597 1454 est
618 1422 777 1464 rem03
812 1409 985 1470 remIge
1008 1411 1150 1471 carpit
1169 1411 1270 1458 iter.

183 1473 295 1524 Nec
317 1475 504 1522 comites
524 1473 700 1521 volucri
720 1480 936 1520 contenta
956 1482 1025 1521 est
1045 1475 1230 1522 vincere
1249 1470 1414 1523 cursui

254 1540 462 1603 Occupat
483 1554 689 1602 egressas
709 1539 954 1601 quamlibet
973 1536 1081 1586 ante
1104 1546 1235 1588 rates.

185 1605 448 1669 Etpatitur
461 1605 642 1659 fluctus,
663 1604 842 1665 fertque
861 1605 1113 1653 adsilientis
1131 1604 1275 1669 longe

256 1671 478 1733 AEquora,
502 1686 587 1718 nec
609 1671 743 1717 saevis
765 1671 855 1717 icta
873 1670 1043 1718 fatiscit
1057 1672 1198 1733 aquis.

186 1735 289 1792 Ina,
319 1735 618 1785 Corinthiacis
636 1732 830 1798 primum
852 1736 963 1783 mihi
979 1739 1165 1799 cognita
1187 1735 1422 1793 Cenchris,

253 1801 370 1852 Fida
390 1803 544 1849 manet
558 1800 746 1863 trepidae
768 1801 948 1863 duxque
968 1818 1210 1864 comesque
1228 1802 1370 1865 fugae.
1472 1804 1537 1849 10

186 1867 372 1930 Perque
393 1874 463 1914 tot
484 1874 686 1919 eventus.
707 1874 753 1913 et
774 1867 938 1926 iniquis
960 1868 1139 1915 concita
1159 1869 1308 1916 ventis

253 1932 474 1995 AEquora,
500 1931 704 1979 Palladio
727 1933 911 1978 numine
935 1939 1033 1980 tuta
1050 1932 1151 1980 fuit.

184 1998 331 2048 'Nunc
352 2013 535 2059 quoque
556 2004 667 2053 tuta,
688 2012 860 2060 precor,
884 1999 1002 2044 vasti
1023 2006 1147 2045 secet
1161 1999 1277 2046 ostia
1298 1996 1468 2055 Ponti;

253 2064 473 2125 Quasque
493 2064 619 2125 petit,
645 2062 799 2110 Getici
814 2062 959 2110 litoris
980 2065 1118 2112 intret
1139 2079 1292 2126 aquas.

186 2129 313 2186 Quae
336 2129 471 2175 simul
492 2127 663 2176 AEoliae
681 2143 809 2175 mare
823 2143 899 2175 me
919 2129 1107 2176 deduxit
1120 2130 1169 2176 in
1191 2127 1371 2184 Helles.

253 2193 323 2243 Et
343 2195 534 2256 longum
556 2194 682 2241 tenui
703 2193 848 2241 limite
868 2192 977 2241 fecit
995 2196 1107 2251 itm-5

188 2258 428 2309 Fleximus
447 2260 496 2305 in
518 2259 687 2307 laevum
710 2275 897 2307 cursus:
937 2267 985 2307 et
1006 2262 1061 2308 ab
1084 2258 1303 2308 Hectoris
1324 2258 1435 2307 urbe
1473 2293 1478 2300 ·
1513 2301 1522 2308 .

256 2324 484 2372 Venimus
505 2325 562 2371 ad
581 2331 753 2387 portus,
778 2323 948 2372 Imbria
966 2333 1098 2380 terra,
1123 2333 1242 2372 tuos.

186 2388 306 2442 Inde
327 2391 419 2440 levi
440 2398 582 2438 vento
595 2390 843 2452 Zerynthia
861 2390 996 2438 litora
1017 2391 1173 2446 nactis,
1201 2431 1204 2436 .

252 2449 515 2503 Threiciam
539 2457 690 2520 tetigit
707 2455 828 2504 fessa
848 2457 1003 2502 carina
1025 2455 1208 2503 Samon.
1467 2456 1535 2500 20

189 2522 343 2571 Saltus
365 2521 421 2569 ab
434 2522 528 2569 hac
550 2520 669 2569 terra
686 2521 837 2570 brevis
853 2528 924 2568 est
943 2519 1178 2582 Tempyra
1189 2519 1382 2596 petenti.

255 2587 364 2636 Hac
386 2587 619 2635 dominum
641 2595 776 2635 tenus
797 2593 868 2633 est
888 2586 969 2633 illa
989 2592 1145 2634 secuta
1165 2599 1314 2634 suum.

186 2653 312 2702 Nam
336 2654 446 2701 mihi
468 2652 703 2710 Bistonios
723 2653 892 2715 placuit
904 2653 1019 2714 pede
1040 2667 1223 2715 carpere
1243 2664 1454 2712 campos:

253 2718 650 2782 Hellespontiacas
670 2719 748 2784 illa
768 2718 930 2783 relegit
951 2733 1103 2782 aquam

185 2799 292 2835 VOL-
316 2799 389 2835 111,
440 2803 451 2812 “
1117 2795 1148 2828 t
