1842 2966
23 1961 45 1995 <a

430 96 879 185 EmsToLfEx
902 131 1135 184 Pom-o
1168 134 1275 185 Lm.
1295 136 1337 185 1.
1366 141 1415 187 3.
1478 137 1575 189 249

223 265 330 320 Qui
353 264 467 311 vicit
488 280 676 327 semper,
700 265 834 312 victis
855 271 906 312 ut
926 280 1112 327 parcere
1130 275 1311 328 posset;

301 328 484 379 Clausit
503 340 552 376 et
566 328 738 377 aeterna
758 331 902 378 civica
920 332 1038 378 bella
1059 330 1172 379 sera.

225 395 395 442 Multa
414 402 539 442 metu
559 394 884 458 poenae,.poena
903 397 981 457 qui
1000 412 1142 459 pauca
1164 397 1372 457 coercet3

301 460 371 507 Et
379 461 493 523 jacit
512 459 655 507 invita
672 462 862 508 fulmina
881 477 982 508 rara
1002 477 1154 507 manu.

224 525 370 587 Ergo
392 535 485 572 tam
506 526 702 588 placidas
724 534 874 572 orator
894 527 1060 572 missus
1081 527 1138 572 ad
1159 542 1302 583 aures,

281 591 376 637 Ut
394 592 574 653 propior
592 592 751 653 patriae
772 591 829 636 sit
848 589 961 651 fuga
981 598 1147 644 nostra,
1171 607 1297 654 roga.
1480 596 1574 640 1:30

224 654 324 702 Ille
345 672 435 718 ego
457 672 571 710 sum,
592 657 672 716 qui
693 663 741 702 te
761 655 908 712 colui3
932 670 1067 716 quem
1087 654 1206 703 festa
1226 656 1398 706 solebat

300 720 432 768 Inter
454 722 667 769 convivas
682 735 840 767 mensa
859 720 1013 766 videre
1034 726 1152 768 tuos.

225 782 322 833 Ine
344 802 447 848 ego,
470 788 545 847 qui
567 787 674 833 duxi
691 792 866 833 vestros
889 784 1183 847 Hymenaeon
1206 787 1293 833 ad‘
1281 801 1426 851 ignes,

299 850 370 898 Et
389 853 531 900 cecini
550 852 699 899 fausto
721 852 920 898 cannina
941 851 1079 913 digna
1099 860 1214 898 toro.

210 914 384 979 Cujus
404 925 450 964 te
471 917 653 973 solitum
675 917 860 963 memini
879 917 1059 964 laudare
1079 918 1269 973 libellos,

299 980 535 1045 Exceptis,
557 981 740 1030 domino
760 983 838 1042 qui
859 997 1054 1030 nocuere
1077 998 1173 1031 suo.

228 1044 325 1096 Cui
349 1049 428 1095 tua
448 1062 784 1108 nonnumquam
805 1048 985 1095 miranti
1006 1049 1172 1110 scripta
1191 1048 1389 1111 legebas.

297 1111 390 1159 Ille
410 1129 512 1176 ego,
535 1114 592 1161 de
610 1112 764 1160 vestra
785 1114 856 1159 cui
879 1113 983 1160 data
1004 1122 1143 1175 nupta
1164 1114 1314 1161 domo.

228 1177 380 1225 Hanc
399 1181 568 1243 probat,
586 1185 633 1226 et
652 1179 798 1239 primo
815 1178 1023 1226 dilectam
1045 1194 1223 1240 semper
1244 1180 1299 1227 ab
1323 1194 1425 1227 aevo

286 1243 392 1291 Est
411 1245 528 1291 inter
543 1244 733 1292 comites
756 1242 936 1290 Marcia
957 1258 1094 1289 censa
1116 1259 1233 1291 suas.
1293 1289 1300 1296 ,
1483 1246 1576 1290 140

225 1303 385 1370 Inque
407 1310 500 1358 auis
521 1310 674 1356 habuit
695 1315 936 1355 matertera
958 1306 1155 1355 Caesaris
1177 1305 1310 1355 ante:

299 1374 545 1455 QuarumJ
531 1375 695 1421 udicio
717 1375 757 1420 si
778 1388 868 1434 qua
886 1373 1085 1435 probata⁹
1108 1374 1249 1434 proba
1263 1379 1348 1420 est.

226 1439 346 1504 Ipsa
367 1438 449 1488 sua
467 1441 628 1489 melior
646 1437 778 1496 fama,
802 1438 1084 1487 laudantibus
1105 1437 1216 1495 istis,

300 1504 498 1556 Claudia
515 1504 668 1554 divina
687 1521 781 1553 non
800 1506 1004 1582 eguisset
1023 1519 1123 1567 ope.

227 1571 343 1621 Nos
364 1587 543 1633 quoque
561 1573 816 1635 praeteritos
837 1572 937 1618 sine
955 1570 1056 1617 labe
1073 1570 1334 1632 peregimus
1356 1583 1528 1617 annos.

302 1635 524 1688 Proxima
540 1653 645 1700 pars
659 1638 769 1685 vitae
792 1634 1082 1684 transilienda
1100 1651 1231 1682 meae.

232 1702 333 1751 Sed
355 1702 413 1749 de
432 1717 508 1751 me
529 1710 580 1750 ut
598 1704 770 1760 sileam,
793 1703 964 1782 conJux
984 1716 1086 1748 mea
1103 1702 1284 1748 sarcina
1302 1672 1456 1747 vestra
1476 1705 1561 1747 est.

301 1765 416 1815 Non
435 1775 564 1830 potes
585 1769 701 1815 hanc
723 1764 848 1817 salva
862 1765 1142 1813 dissimulare
1161 1765 1264 1812 fide.

234 1830 448 1894 confugi
434 1833 470 1880 t
435 1784 587 1881 pohaec
607 1833 664 1881 ad
684 1848 794 1880 vos·
816 1839 992 1878 vestras
1013 1831 1296 1893 amplectitur
1317 1845 1429 1886 aras,

304 1847 448 1961 (Jure
460 1899 586 1949 venit
605 1897 752 1945 cultos
767 1898 824 1944 ad
845 1898 929 1945 sibi
950 1896 1139 1956 quisque
1161 1893 1330 1955 Deos.)
1421 1938 1427 1943 .
1489 1896 1585 1943 150

233 1962 471 2023 Plenaque
491 1969 636 2025 rogat,
659 1960 863 2029 ffecibus
882 1961 1024 2008 lenito
1049 1959 1236 2009 Caesare
1252 1959 1430 2017 vestris,

305 2027 457 2077 Busta
476 2029 546 2076 sui
565 2026 679 2077 fiant
699 2034 750 2074 ut
769 2027 981 2090 propiora
1000 2024 1101 2073 viri.

689 2216 1028 2268 EPISTOLA
1063 2216 1161 2268 111.

819 2362 1020 2396 nunno·

245 2477 403 2527 Hanc
427 2480 506 2526 tibi
528 2479 658 2527 Naso
676 2487 780 2527 tuus
800 2477 955 2533 mittit,
978 2476 1161 2535 Ruflne,
1187 2476 1409 2534 salutem3

313 2543 412 2599 Qui
433 2546 569 2592 miser
590 2552 674 2600 est,
697 2543 777 2592 ulli
799 2544 837 2590 81
859 2558 969 2590 suus
991 2558 1091 2591 esse
1110 2548 1275 2605 potest.

245 2609 446 2658 Reddita
464 2610 668 2659 confusae
689 2624 832 2672 nuper
853 2608 1012 2655 solatia
1025 2609 1168 2655 menti
1241 2658 1244 2663 .

312 2674 552 2729 Auxilium
573 2676 744 2727 nostris
765 2688 983 2738 spemque
1004 2674 1148 2723 tulere
1167 2670 1314 2721 malis.
