1842 2966
561 175 909 226 TRISTIUM
943 176 1048 227 Ln.
1072 176 1141 226 11.
1438 176 1534 224 1⁷5

153 308 336 371 Atque
357 306 532 357 utinam
554 325 743 358 revoces
764 311 965 357 animum
987 309 1231 372 paullisper
1251 308 1307 355 ab
1327 304 1407 364 ira,

231 374 307 422 Et
331 390 480 422 vacuo
492 376 693 456 jubeas
674 376 781 423 hinc
800 376 881 422 tibi
901 390 1046 438 pauca
1064 374 1188 436 legi!

158 439 350 496 Pauca,
372 440 533 502 quibus
552 438 699 503 prima
719 456 914 504 surgens
938 442 994 488 ab
1014 440 1191 502 origine
1210 439 1382 494 mundi,

241 504 305 552 In
329 512 411 553 tua
432 506 596 553 deduxi
618 513 837 569 tempora,
862 504 1038 560 Caesar‚
1061 520 1200 567 opus.
1433 506 1535 552 560

164 570 438 633 Adspicias,
461 578 679 632 quantum
704 572 879 619 dederis
900 572 1012 618 mihi
1033 571 1232 633 pectoris
1252 569 1377 630 ipse,

244 635 449 697 Quoque
468 635 625 684 favore
646 638 783 684 animi
805 645 941 700 teque
963 643 1158 698 tuosque
1179 650 1353 682 canam.

165 699 294 749 Non
320 718 411 765 ego
431 703 632 749 mordaci
654 703 873 750 destrinxi
894 702 1095 753 carmine
1113 714 1418 763 quemquam3

244 766 356 813 Nec
377 782 506 814 meus
527 767 662 814 ullius
683 768 873 816 crimina
891 783 1054 815 versus
1073 768 1225 819 habet.

170 829 421 881 Candidus
443 830 470 879 ὲ
491 832 657 880 salibus
679 832 861 880 suffusis
880 833 989 880 felle
1010 832 1189 895 refugi.

245 897 395 944 Nulla
414 905 641 945 venenato
661 898 792 946 litera
811 900 955 945 mixta
966 898 1079 961 joco
1100 904 1187 945 est.

173 961 315 1010 Inter
331 969 407 1009 tot
425 963 593 1026 populi,
615 971 686 1010 tot
709 965 860 1027 scripti
881 963 1026 1011 millia
1045 963 1202 1019 nostri,

248 1027 406 1083 Quem
427 1043 530 1075 mea
552 1026 759 1092 Calliope
777 1030 960 1084 laeserit,
984 1043 1103 1077 unus
1123 1044 1230 1092 ego.

179 1091 299 1142 Non
320 1093 462 1155 igitur
482 1095 649 1145 nostris
670 1095 813 1147 ullum
832 1095 1034 1157 gaudere
1058 1094 1285 1149 Quiritem

247 1158 482 1221 Auguror,
507 1167 555 1206 at
574 1159 745 1207 multos
763 1160 1024 1216 indoluisse,
1046 1160 1192 1206 malis.
1432 1159 1535 1207 570

179 1223 292 1272 Nec
314 1224 423 1271 mihi
444 1224 655 1272 credibile
676 1231 748 1272 est
766 1239 1040 1286 quemquam
1060 1222 1302 1273 insulmse
1312 1223 1515 1288 jacentig

251 1289 414 1337 Gratia
434 1289 618 1337 candori
640 1290 678 1335 si
700 1305 791 1350 qua
809 1290 954 1336 relata
972 1304 1076 1337 meo
1096 1296 1183 1336 est.

182 1353 282 1401 His
301 1369 461 1416 precor
481 1362 618 1415 atque
639 1354 739 1400 aliis
758 1355 936 1415 possint
955 1358 1037 1399 tua
1055 1355 1244 1400 numina
1261 1352 1400 1409 flecti,

249 1419 296 1467 0
319 1418 470 1475 Pater,
493 1417 521 1466 ὂ
546 1418 717 1466 Patriae
736 1433 846 1466 cura
865 1417 1078 1494 salusque
1098 1424 1207 1466 tuae.

185 1482 303 1534 Non
324 1494 376 1533 ut
393 1487 443 1533 in
466 1485 722 1534 Ausoniam
743 1485 937 1539 redeam,
960 1483 1047 1530 nisi
1066 1481 1256 1530 forsitan
1277 1483 1399 1540 olim,

253 1548 375 1599 Cum
396 1551 539 1614 longo
559 1565 713 1614 poenae
734 1556 940 1612 tempore
958 1549 1108 1596 victus
1126 1547 1233 1596 eris.

186 1615 358 1668 Tutius
379 1617 601 1673 exsilium,
622 1615 866 1679 paulloque
885 1614 1095 1676 quietius,
1118 1630 1229 1662 oro:

258 1680 329 1729 Ut
347 1697 430 1744 par
450 1683 615 1731 delicto
637 1682 696 1731 sit
715 1696 819 1731 mea
836 1695 976 1746 poena
994 1695 1094 1731 suo,
