1842 2966
350 136 446 182 120
678 129 750 181 51².
782 127 1016 181 olen
1050 128 1349 183 NASONIS

313 258 319 263 ’
349 263 494 311 Hunc
513 262 654 325 igitur
674 270 851 321 veteres
871 261 1096 310 doniirunt
1117 263 1217 309 aede
1240 263 1415 311 Sabini:

413 326 561 390 Inque
583 328 808 383 Quirinali
828 325 1103 375 constituere
1115 329 1249 390 jugo.

346 391 447 441 Est!
467 394 578 440 mihi
602 395 980 457 (sitquesprecor,
1004 393 1170 439 nostris
1192 393 1447 439 diuturnior
1468 394 1643 457 aubis)

411 457 560 507 Filia:
600 457 689 520 quiz
710 459 821 506 felix
844 459 1013 520 sospite
1035 473 1326 519 semper-ero.
1609 465 1717 507 220

347 521 489 570 Hanc
509 540 599 587 ego
621 523 724 571 edm
746 523 910 571 vellem
932 538 1104 585 genero
1127 523 1245 578 dare,
1268 531 1477 584 tempora
1496 525 1647 573 taedix

411 588 537 651 Apta
558 591 847 651 requirebam,
870 602 1063 649 quaeque
1084 589 1286 634 cavenda
1304 587 1474 635 forent·

347 652 469 701 Tum
492 655 603 702 mihi
623 662 728 717 post
749 669 897 701 sacras
918 659 1195 700 monstratur
1216 651 1249 701 J
1251 654 1385 700 unius
1407 651 1521 702 Idus

414 718 556 767 Utilis
577 729 623 767 et
644 720 808 781 nuptis,
831 719 955 765 utilis
976 733 1075 764 esse
1095 719 1218 766 viris·

346 783 591 846 Primaque
611 800 715 846 pars
736 784 868 846 hujus
889 783 1098 830 thalamis
1120 784 1265 830 aliena
1286 790 1464 845 reperta
1484 792 1578 832 est.

410 850 536 897 Nam
558 851 667 896 mihi
689 849 754 895 sic
776 849 944 910 conjux
965 855 1119 895 sancta
1140 847 1291 895 Dialis
1314 849 1377 895 ait
1391 866 1405 895 ι

346 913 514 961 Donec
536 915 591 961 ab
613 912 754 960 Iliaca
772 913 974 974 placidus
994 914 1262 975 purgamina
1284 911 1432 960 Vestfi

410 977 643 1025 Detulerit
663 977 794 1025 flavis
817 979 864 1024 in
885 993 1011 1025 mare
1032 977 1231 1039 Thybris
1251 979 1411 1039 equis3

345 1043 459 1091 Non
482 1044 592 1091 mihi
614 1044 827 1090 detonsos
847 1044 996 1090 crines
1018 1044 1254 1104 depectere
1272 1044 1410 1099 buxo,

408 1107 520 1155 Non
544 1123 721 1171 ungues
741 1107 862 1155 ferro
886 1110 1165 1155 subsecuisse
1186 1109 1325 1155 liceto
1587 1114 1705 1159 230
1719 1113 1729 1124 “

341 1171 456 1219 Non
477 1174 682 1235 tetigisse
702 1174 882 1231 virum;
916 1174 1123 1234 quamvis
1146 1172 1279 1222 Jovis
1300 1173 1377 1222 me
1398 1173 1634 1235 sacerdos,

411 1238 634 1292 Quamvis
656 1237 870 1302 perpetua
891 1240 951 1285 sit
970 1239 1079 1284 mihi
1102 1238 1206 1301 lege
1227 1240 1373 1286 datus.

318 1300 420 1350 ‘'Tu
442 1319 623 1365 quoque
645 1320 704 1351 ne
726 1319 944 1367 propera.
973 1302 1144 1351 melius
1166 1312 1245 1350 tua
1264 1303 1357 1351 filia
1378 1304 1533 1359 nubet,

408 1367 556 1432 Ignea
577 1367 680 1417 edm
702 1368 814 1432 pura
836 1369 983 1417 Vesta
999 1369 1162 1416 nitebit
1181 1370 1337 1416 humo

341 1431 533 1482 Tum
554 1444 658 1498 post
680 1436 842 1483 Nonas
864 1450 1097 1482 removere
1119 1432 1341 1497 Lycaona
1362 1433 1542 1482 Phoebe

407 1499 598 1549 Fertur:
639 1510 686 1549 et
705 1500 734 1548 ὲ
756 1510 887 1563 tergo
910 1516 1003 1548 non
1026 1502 1159 1547 habet
1185 1499 1310 1547 Ursa
1321 1507 1519 1548 metum.

341 1565 476 1613 Tunc
497 1582 587 1628 ego
609 1583 684 1614 me
703 1567 889 1613 memini
912 1564 1105 1612 Ludos
1092 1582 1140 1612 m
1160 1566 1368 1627 gramine
1392 1564 1559 1629 Campi

406 1631 685 1693 Adspiceret
725 1637 772 1678 et
794 1631 941 1686 didici,
962 1631 1131 1677 lubrice
1153 1630 1344 1692 Thybri,
1366 1638 1487 1678 tuos.

340 1695 482 1743 Festa
503 1697 598 1742 dies
618 1696 720 1750 illis,
744 1697 821 1757 qui
842 1695 935 1742 lina
958 1696 1183 1743 madentia
1203 1696 1388 1751 ducunt,

312 1791 321 1804 0
406 1758 592 1822 Quique
613 1767 777 1823 tegunt
799 1762 950 1822 parvis
974 1776 1065 1807 aera
1086 1777 1274 1808 recurva
1295 1762 1419 1810 cibis.
1573 1765 1689 1809 940

340 1823 494 1872 Mnus
514 1839 694 1887 quoque
713 1840 881 1872 numen
903 1826 1049 1872 habet.
1094 1825 1249 1873 Menti
1270 1826 1455 1874 delubra
1475 1827 1687 1876 videmus

408 1889 534 1938 Vota
554 1898 680 1938 metu
701 1891 819 1946 belli,
840 1890 1010 1953 perfide
1033 1891 1192 1947 Poene,
1215 1893 1298 1938 tui.

339 1956 500 2012 Poene,
523 1954 788 2004 rebellaras:
827 1962 874 2002 et
894 1955 988 2003 leto
1013 1955 1227 2005 Consulis
1250 1971 1412 2004 omnes

405 2021 605 2069 Attoniti
629 2021 817 2067 Mauras
838 2021 1111 2082 pertimuere
1130 2036 1307 2069 manus.

340 2086 479 2151 Spem
502 2093 651 2133 metus
672 2086 934 2147 expulerat3
968 2083 1072 2133 curn
1095 2079 1250 2134 Menti
1271 2094 1379 2135 vota
1401 2087 1597 2135 Senatus

407 2152 639 2213 Suscipit,
673 2157 721 2197 et
741 2151 900 2198 melior
920 2152 1126 2212 protinus
1146 2152 1223 2200 illa
1244 2153 1382 2199 venit.

338 2216 550 2277 Adspicit
570 2216 790 2262 instantes
811 2216 970 2263 mediis
992 2232 1074 2263 sex
1095 2218 1268 2264 lucibus
1291 2215 1403 2264 Idus

406 2280 495 2327 Illa
516 2281 623 2334 dies,
648 2278 738 2341 quii
758 2288 867 2328 ¹sunt
886 2288 998 2328 vota
1017 2282 1167 2330 soluta
1187 2280 1323 2329 Deae.

337 2345 519 2400 Vns-u,
542 2344 674 2391 save:
711 2345 793 2392 tibi
814 2359 938 2393 nunc
958 2354 1141 2407 operata
1161 2347 1430 2394 resolvimus
1451 2362 1556 2394 ora:

405 2409 484 2457 Ad
505 2415 583 2455 tua
604 2410 641 2456 si
664 2410 793 2457 nobis
814 2425 942 2458 sacra
960 2412 1116 2458 venire
1135 2413 1256 2459 licet.
1513 2447 1518 2451 -
1576 2415 1674 2460 250

338 2472 400 2522 In
419 2488 554 2536 prece
573 2479 700 2521 totus
719 2490 856 2522 eram.
906 2473 1126 2524 Coelestia
1146 2476 1334 2522 numina
1354 2476 1491 2531 sensi,

404 2538 625 2599 Laetaque
644 2537 868 2602 purpurea
886 2540 989 2587 luce
1009 2539 1184 2587 refulsit
1201 2542 1379 2587 humus.

339 2602 453 2652 Non
474 2604 678 2664 equidem
702 2605 794 2652 vidi
819 2606 1023 2667 (valeant
1042 2605 1276 2651 mendacia
1296 2603 1475 2664 vntum)

404 2666 490 2725 Te,
514 2666 652 2729 Dee3
686 2684 770 2718 nec
789 2668 941 2719 fueras
962 2669 1244 2733 adspicienda
1264 2670 1378 2718 viro.
