1842 2966
548 138 893 190 TRISTIUM
925 139 1035 190 Ln-
1054 140 1117 191 V.
1136 146 1185 192 4.
1437 147 1534 194 225

148 273 351 335 Atque
371 273 530 334 aliquis
551 271 766 328 vestrum,
790 271 992 319 Nasonis
1015 273 1198 321 nomine
1218 275 1352 332 dicto,

250 338 478 402 Deponat
498 338 693 385 lacrimis
711 337 874 399 pocula
892 337 1037 384 mixta
1058 339 1178 387 suis:
1469 343 1539 389 50

158 403 560 464 Admonitusque
580 403 684 457 mei,
707 399 811 449 cum
833 404 1199 465 circumspexerit
1219 420 1394 462 omnes,

255 468 416 524 Dicat,
445 469 536 516 Ubi
558 474 628 515 est
648 468 791 514 nostri
812 482 915 531 pars
940 466 1076 514 modd
1099 468 1228 516 Naso
1250 470 1403 517 chori?

167 533 341 595 quue
364 535 455 592 ita3
489 534 527 580 si
548 540 749 580 vestrum
772 534 914 579 merui
937 534 1131 580 candore
1150 533 1351 582 favorem
1371 553 1383 581 ι

256 599 494 661 Nullaque
503 599 678 661 judicio
700 599 830 645 litera
849 599 962 645 loesa
981 613 1084 644 meo
1107 606 1192 645 est.

178 665 255 721 Si,
280 672 489 711 veterum
513 660 652 726 digne
676 679 866 710 veneror
887 661 990 709 edm
1014 664 1180 726 scripta
1200 665 1414 722 virorum,

257 729 481 776 Proxima
501 744 593 776 non
614 728 704 775 illis
725 744 825 776 esse
845 731 1023 775 minora
1044 744 1158 776 reor.

182 796 270 844 Sic
293 795 435 858 igitur
454 795 614 842 dextro
634 793 811 840 faciatis
831 793 1045 857 Apolline
1065 809 1272 841 carmem

260 858 403 915 Quod
422 859 543 917 licet,
563 860 684 906 inter
702 874 787 906 vos
809 874 977 907 nomen
998 860 1157 908 habete
1177 874 1344 908 meum.

676 1054 943 1106 ELEGIA
975 1056 1069 1107 IV.

188 1186 389 1237 erou
410 1187 465 1235 ab
486 1185 672 1235 Euxino
695 1185 898 1235 Nasonis
919 1188 1110 1251 epistola
1129 1190 1249 1245 veni,

262 1252 499 1313 Lassaque
517 1250 639 1301 facts
658 1254 785 1309 mari,
808 1254 1018 1314 lassaque
1038 1253 1158 1301 facta
1176 1253 1267 1302 vid.

191 1319 295 1375 Qui
318 1318 429 1365 mihi
448 1317 564 1365 flens
585 1318 712 1374 dixit,
734 1317 824 1373 Tu,
842 1320 915 1364 cui
936 1318 1057 1372 licet,
1079 1319 1258 1381 adspice
1279 1318 1493 1369 Romam.

263 1382 380 1431 Heu
401 1389 568 1445 quanto
590 1384 750 1431 melior
772 1398 870 1431 sors
892 1390 971 1429 tua
992 1391 1115 1430 sorte
1133 1382 1262 1432 med!

191 1448 344 1510 Flens
356 1463 535 1530 quoque
549 1464 624 1498 me
640 1450 819 1513 scripsit
832 1466 844 1496 x
885 1463 970 1496 nec
984 1445 1073 1511 qud
1086 1449 1307 1511 signabar,
1332 1450 1392 1498 ad
1405 1464 1457 1499 os
1472 1455 1543 1499 est

262 1515 407 1571 Ante,
430 1515 510 1562 sed
529 1516 586 1562 ad
607 1516 806 1562 madidas
827 1529 1014 1577 gemma
1034 1514 1174 1562 relata
1192 1530 1349 1577 genas.
1377 1566 1394 1575 ,

192 1580 421 1630 Tristitiae
440 1595 645 1628 caussam
667 1581 706 1627 si
728 1581 829 1641 quis
849 1594 1128 1642 cognoscere
1148 1581 1333 1643 quaerit3

261 1645 457 1695 Ostendi
480 1645 620 1693 solem
642 1645 843 1708 postulat
863 1645 940 1692 ille
962 1646 1058 1693 sibi.
1135 1689 1139 1693 .

195 1711 306 1761 Nec
325 1710 532 1758 frondem
552 1712 601 1757 in
624 1711 873 1767 silvis‚‚nec
894 1718 1049 1774 aperto
1071 1710 1226 1764 mollia
1244 1715 1374 1773 prato

266 1777 499 1832 Gramina,
525 1792 608 1824 nec
626 1776 763 1839 pleno
784 1775 973 1825 flumine
994 1778 1138 1824 cernit
1159 1791 1310 1838 aquas.
1482 1776 1568 1822 10·

198 1842 328 1898 Quid
350 1841 558 1888 Priamus
581 1842 742 1896 doleat,
766 1842 1014 1897 mirabitur,
1039 1841 1246 1890 Hectore
1268 1847 1426 1904 rapto3

268 1906 454 1961 Quidve
474 1907 752 1954 Philoctetes
772 1907 888 1954 ictus
911 1908 967 1953 ab
989 1922 1139 1971 angue
1158 1914 1327 1969 gemat.
1395 1944 1418 1951 ,,

198 1973 267 2023 Di
290 1973 494 2019 facerent
516 1974 706 2027 utinam,
728 1972 832 2019 talis
854 1979 999 2019 status
1021 1979 1142 2020 esset
1161 1974 1210 2018 in
1231 1972 1324 2027 illo,

270 2037 341 2085 Ut
362 2053 456 2084 non
480 2038 673 2085 tristitiae
695 2052 853 2084 caussa
872 2037 1066 2085 dolenda
1085 2037 1218 2085 foret.

199 2104 313 2152 Fert
334 2109 499 2158 tamen,
525 2110 575 2149 ut
598 2103 740 2158 debet,
764 2104 1137 2164 casus-patienter
1157 2117 1364 2150 amaros:

266 2168 406 2215 More
428 2183 512 2215 nec
533 2168 740 2214 indomiti
759 2168 887 2215 frena
909 2175 1087 2215 recusat
1107 2170 1224 2230 equi.

203 2234 306 2282 Nec
328 2233 426 2280 fore
447 2239 705 2295 perpetuam
730 2239 878 2296 sperat
900 2234 981 2280 sibi
1004 2235 1201 2281 numinis
1220 2234 1349 2289 irmn,

268 2296 493 2347 Conscius
514 2300 562 2346 in
585 2297 716 2360 culp&
736 2314 829 2345 non
853 2299 998 2345 scelus
1020 2313 1124 2346 esse
1143 2298 1238 2345 sufi-

203 2364 337 2426 Saepe
361 2363 509 2420 refert,
534 2365 593 2411 sit
613 2371 781 2425 quanta
802 2362 897 2411 Dei
920 2364 1186 2411 clementia:
1225 2364 1356 2426 cujus

270 2429 330 2476 Se
352 2445 530 2491 quoque
552 2430 598 2475 in
621 2429 837 2490 exemplis
859 2429 1152 2475 adnumerare
1173 2429 1303 2475 solet.
1479 2430 1546 2474 20

204 2493 328 2542 Nam
350 2491 473 2556 quad
493 2510 601 2557 opes
622 2500 775 2541 teneat
795 2494 975 2556 patrias,
1000 2490 1122 2555 qudd
1143 2494 1328 2540 nomina
1348 2492 1493 2550 civim

268 2558 485 2620 Denique
504 2556 624 2622 qudd
645 2560 784 2613 vivat,
809 2574 974 2604 munus
996 2559 1158 2605 habere
1180 2557 1292 2605 Dei.

202 2624 275 2673 Te
296 2631 461 2680 tamen,
485 2622 526 2682 ὃ,
550 2625 589 2672 si
610 2625 718 2686 quid
738 2623 885 2670 credis
904 2623 1016 2668 mibi
1038 2624 1193 2678 carior,
1215 2623 1304 2678 ille,

267 2689 503 2748 Omnibus,
526 2691 574 2739 in
598 2697 696 2738 toto
717 2695 899 2757 pectore
921 2702 1097 2753 semper
1118 2688 1264 2739 habet.
