1842 2966
244 164 251 171 ’
325 191 422 239 2⁹4
494 251 500 258 Ι
624 181 728 231 r.
757 176 997 230 ovmn
1024 175 1343 228 Nasoms·

788 403 1130 488 Ems'roLA
1164 425 1233 484 112

935 582 1118 616 0011·AE-

361 707 525 763 Quan
544 703 662 766 legis
682 698 709 748 a
731 700 859 747 nobis
878 699 1064 745 missam
1087 698 1181 752 tibi,
1204 696 1359 752 Cotta,
1382 699 1619 757 salutem,

425 771 578 819 Missa
598 768 657 815 sit
677 774 731 813 ut
749 761 872 820 vere,
893 764 1227 825 perveniatque,
1243 779 1430 825 precor.

360 837 578 897 Namque
598 833 713 880 meis
734 846 890 889 sospes
909 829 1107 876 multum
1127 828 1405 876 cruciatibus
1429 830 1601 879 aufers
1611 849 1630 890 3

431 900 591 959 thue
605 898 664 944 sit
685 893 711 942 ὲ
734 896 863 943 nobis
883 910 988 955 pars
1007 895 1126 940 bona
1146 894 1283 948 salva,
1306 893 1442 942 facis.
1800 855 1801 932 i

363 965 576 1025 Ctimque
589 963 742 1008 labent
761 960 849 1013 alii,
863 961 1123 1022 Jactataque
1142 959 1246 1005 vela
1265 958 1541 1021 relinquant
1554 979 1575 1020 ς

427 1028 505 1076 Tu
524 1029 687 1073 lacerae
708 1039 915 1071 remanes
937 1025 1133 1072 anchora
1152 1023 1249 1069 sola
1269 1024 1371 1070 rati.

364 1095 512 1144 Grata
530 1100 611 1139 tua
630 1096 701 1137 est
722 1090 861 1152 igitur
880 1091 1050 1152 pietast
1077 1089 1358 1150 ignoscimus
1383 1090 1493 1146 inis,

428 1158 526 1213 Qui
545 1171 649 1203 cum
673 1152 879 1202 Fortuna
897 1164 1030 1216 terga
1049 1151 1213 1204 dedere
1232 1153 1376 1216 fugae.

365 1221 488 1273 ctnm
510 1221 674 1268 feriant
692 1235 848 1275 unum,
872 1235 965 1266 non
988 1234 1129 1265 unum
1147 1218 1341 1265 fulmina
1358 1226 1574 1271 terrent:

428 1287 463 1337 J
465 1293 691 1346 unctaque
710 1301 924 1349 percusso
947 1285 1078 1330 turba
1095 1299 1261 1345 pavere
1283 1285 1420 1332 solet.
1661 1294 1717 1337 10

369 1353 581 1413 Cfimque
596 1352 719 1398 dedit
737 1352 884 1414 paries
905 1357 1111 1395 venturae
1132 1350 1266 1410 signa
1287 1350 1451 1408 ruinae,

438 1418 644 1466 Sollicito
665 1432 837 1464 vacuus
857 1414 909 1462 fit
929 1413 1060 1461 locus
1080 1414 1157 1461 ille
1177 1423 1318 1461 metu.

370 1485 493 1542 Quis
514 1499 606 1530 non
630 1478 657 1529 ὲ
678 1482 846 1529 timidis
868 1480 979 1542 aegri
1003 1480 1215 1542 contagia
1234 1480 1362 1536 vitat,

436 1549 654 1597 Vicinum
675 1557 957 1595 metuens-ne
978 1547 1127 1592 trahat
1146 1546 1250 1592 inde
1261 1547 1433 1594 malum
1447 1547 1470 1593 ἲ

374 1615 464 1664 Me
484 1629 664 1675 quoque
684 1614 929 1661 amicorum
952 1612 1093 1657 nimio
1115 1617 1286 1658 terrore
1308 1620 1546 1676 metuque,

438 1678 552 1726 Non
574 1679 691 1733 odio,
715 1678 893 1738 quidam
910 1674 1155 1723 destituere
1174 1678 1279 1723 mei.

376 1742 489 1793 Non
511 1740 601 1792 illis
620 1745 777 1806 pietas,
798 1758 891 1789 non
914 1741 1116 1788 officiosa
1134 1741 1348 1791 voluntas

442 1807 634 1857 Defuitz
664 1809 877 1856 adversos
897 1809 1147 1854 extimuere
1169 1806 1317 1854 Deos.

377 1873 540 1937 thue
558 1875 707 1937 magis
726 1874 847 1921 cauti
866 1880 1059 1935 possunt
1079 1872 1314 1932 timidique
1333 1872 1488 1932 videri,

445 1940 530 1991 Sic„
543 1940 756 2003 adpellari
776 1949 1095 1987 non'meruere
1115 1935 1237 1984 mali.
1649 1947 1714 1994 m

380 2005 450 2054 At
464 2020 594 2052 meus
609 2013 798 2053 excusat
818 2020 949 2052 caros
968 2004 1032 2050 ita
1052 2003 1219 2050 candor
1238 2002 1433 2062 amit-0⁸3

446 2070 605 2149 thue
626 2072 818 2117 habeant
840 2070 896 2116 de
917 2084 994 2115 me
1005 2068 1193 2114 crimina
1209 2068 1345 2123 nulla,
1367 2068 1503 2119 favet.

381 2135 485 2184 Sint
498 2136 585 2182 hac
606 2136 808 2182 contenti
828 2132 976 2189 venia,
998 2135 1270 2196 signentque
1290 2132 1454 2191 licebit,

447 2199 642 2262 Purgari
663 2199 832 2246 factum
855 2215 930 2246 me
950 2214 1129 2261 quoque
1150 2204 1268 2245 teste
1288 2214 1437 2247 suum.

381 2263 499 2314 Pars
518 2266 628 2312 estis
648 2264 778 2326 pauci
799 2265 961 2325 potior,
984 2265 1061 2324 qui
1082 2264 1213 2310 rebus
1233 2264 1281 2311 in
1303 2264 1412 2311 artis

445 2329 588 2377 Ferre
607 2330 719 2376 mihi
740 2329 909 2376 nullam
932 2336 1065 2390 turpe
1076 2326 1268 2391 putastis
1289 2344 1436 2391 opem.

382 2394 519 2442 Tunc
538 2395 680 2456 igitur
701 2395 850 2441 meriti
870 2395 1088 2441 morietur
1107 2395 1256 2456 gratia
1274 2395 1427 2450 vestri,

449 2455 572 2507 cum
588 2460 702 2505 cinis
722 2460 931 2506 absumto
952 2474 1139 2520 corpore
1158 2458 1306 2506 factus
1325 2474 1417 2506 ero.

387 2522 552 2578 Fallat,
573 2530 622 2569 et
636 2524 715 2570 illa
729 2539 845 2570 meae
868 2525 1095 2586 superabit
1114 2530 1319 2586 tempora
1339 2524 1458 2582 vitae,

452 2588 502 2636 si
524 2596 674 2635 tamen
699 2585 727 2634 a
745 2590 937 2635 memori
955 2590 1219 2651 posteritate
1237 2591 1380 2652 legar.
1645 2603 1715 2647 30

389 2652 597 2715 Corpora
615 2653 835 2700 debentur
854 2655 1032 2700 moestis
1053 2656 1302 2717 exsanguia
1321 2656 1486 2702 bustis:

449 2717 695 2782 Effisgiunt
715 2726 909 2766 structos
933 2734 1100 2767 nomen
1123 2721 1357 2783 honorque
1380 2737 1518 2785 rogos.
