1842 2966
421 387 497 455 P.
547 382 854 454 OVIDII
900 296 1316 455 NASONIS⁹

329 582 1398 722 FASTORUM

595 787 812 859 LIBER
845 808 1133 861 PRIMUS.

1062 906 1292 947 ‚11¹

194 1099 446 1150 Tmou
466 1114 572 1147 cum
593 1099 764 1147 caussis
785 1097 973 1148 Latium
993 1099 1173 1164 digesta
1192 1115 1274 1165 per
1295 1116 1484 1161 annum,
1521 1106 1526 1115 ‘

268 1165 512 1229 Lapsaque
533 1165 616 1212 sub
636 1171 792 1221 terras,
815 1170 1003 1227 ortaque
1023 1166 1167 1229 signa,
1192 1182 1367 1216 canam.

194 1230 379 1294 Excipe
396 1238 571 1294 pacato,
595 1227 756 1278 Caesar
778 1231 1064 1287 Germanice,
1087 1232 1224 1287 vultu

269 1295 381 1344 Hoc
403 1311 516 1360 opus
531 1313 545 1342 ι
584 1302 631 1342 et
651 1295 823 1343 timidae
844 1297 990 1358 dirige
1012 1298 1140 1344 navis
1160 1297 1261 1346 iter.

197 1361 443 1424 officiique
463 1361 613 1408 levem
636 1375 729 1408 non
752 1369 986 1408 aversatus
1008 1362 1243 1419 honorem,

269 1425 332 1474 In
353 1427 433 1475 tibi
454 1427 621 1474 devoto
642 1441 830 1472 munere
850 1427 1009 1473 dexter
1030 1427 1151 1474 ades·

201 1495 348 1544 Sacra
366 1501 668 1557 recognosces
691 1492 946 1546 Annalibus
968 1501 1096 1540 eruta
1115 1493 1308 1554 priscis3

267 1557 338 1607 Et
358 1574 449 1620 quo
473 1559 532 1606 sit
553 1558 715 1604 merito
738 1572 933 1618 quaeque
953 1564 1109 1603 notata
1130 1557 1239 1606 dies.

146 1630 157 1639 '
198 1622 424 1673 Invenies
444 1623 535 1670 illic
557 1630 605 1670 et
623 1621 741 1669 festa
763 1622 1011 1669 domestica
1030 1621 1181 1669 vobis:
1482 1629 1487 1636 ⁴

272 1689 410 1753 Saepe
430 1689 509 1736 tibi
532 1685 671 1736 Pater
692 1694 776 1742 est,
801 1702 923 1750 saepe
943 1687 1163 1750 legendus
1184 1686 1334 1738 Avus.
1484 1694 1548 1740 10

201 1754 424 1817 Quaeque
442 1753 594 1802 ferunt
613 1753 679 1800 illi
698 1753 844 1814 pictos
867 1754 1095 1816 signantia
1116 1751 1295 1811 Fastos,
1545 1773 1552 1780 ·

268 1819 350 1869 Tu
371 1833 551 1882 quoque
570 1833 675 1866 cum
698 1817 858 1865 Druso
878 1819 1067 1881 praemia
1085 1818 1224 1866 fratre
1242 1819 1379 1869 feres.

198 1883 411 1936 caesaris
433 1898 558 1931 arma
577 1890 743 1930 canant
764 1884 838 1930 alii
851 1901 867 1941 ;
903 1900 990 1930 nos
1013 1881 1211 1932 Caesaris
1231 1897 1345 1943 aras,

270 1950 345 1998 Et
364 1963 672 2012 quoscumque
693 1948 831 1996 sacris
852 1948 1021 1996 addidit
1039 1948 1116 1996 ille
1137 1949 1248 1999 dies.

203 2016 382 2065 Adnue
401 2015 586 2063 conanti
604 2029 686 2077 per
706 2013 862 2061 laudes
881 2013 950 2061 ire
970 2020 1176 2062 tuorum:

274 2079 448 2143 Deque
468 2095 574 2127 meo
596 2079 782 2141 pavidos
803 2087 968 2125 excute
987 2080 1124 2127 corde
1144 2086 1308 2128 metus.

203 2145 293 2197 Da
314 2145 427 2193 mihi
447 2154 496 2193 te
514 2145 770 2207 placidum3
804 2144 980 2191 dederis
999 2146 1048 2191 in
1068 2145 1268 2194 carmina
1284 2146 1424 2197 vireu.

272 2209 526 2275 Ingenium
548 2210 677 2257 vultu
699 2216 876 2272 statque
897 2210 1105 2271 ceditque
1123 2216 1218 2258 tuo.

208 2276 395 2341 Pagina
404 2276 629 2340 judicium
649 2275 769 2323 docti
791 2275 992 2322 subitura
1011 2281 1222 2322 movetur

276 2342 520 2404 Principis,
543 2347 595 2388 ut
617 2339 774 2389 clario
794 2342 934 2388 missa
951 2339 1147 2403 legenda
1167 2338 1291 2388 Deo.
1486 2345 1554 2390 20

210 2406 340 2464 Quae
361 2408 422 2454 sit
441 2403 564 2454 enim
585 2406 696 2453 culti
714 2405 925 2453 facundis
945 2406 1168 2452 sensimus
1188 2407 1293 2462 oris,

280 2471 447 2523 Civica
464 2487 549 2535 pro
572 2471 756 2534 trepidis
775 2468 881 2520 cum
902 2471 1007 2517 tulit
1028 2485 1153 2517 arma
1174 2472 1277 2531 reis.

213 2538 400 2587 Scimus
422 2544 480 2592 et,
505 2537 562 2584 ed
583 2544 764 2583 nostras
786 2533 890 2583 cum
912 2551 964 2582 se
985 2536 1089 2582 tulit
1108 2536 1304 2597 impetus
1325 2540 1459 2591 artes.

280 2600 470 2665 Ingenii
490 2609 672 2649 currant
690 2600 881 2648 flumina
900 2607 1070 2662 quanta
1088 2600 1170 2646 tui.

147 2673 157 2681 ‘
215 2666 269 2716 Si
289 2667 413 2724 licet,
435 2672 484 2713 et
501 2664 571 2714 fas
592 2673 675 2722 est,
697 2672 827 2714 vates
848 2680 960 2728 rege
979 2664 1097 2712 vatis
1117 2663 1341 2714 habenam

284 2731 491 2793 Auspice
511 2737 559 2781 te
577 2727 689 2782 felix
708 2737 834 2781 totus
855 2736 907 2778 ut
930 2731 1075 2777 annus
1097 2734 1185 2774 eat.

211 2809 323 2844 vola·
342 2809 419 2845 m·
1136 2807 1168 2837 Β
