1842 2966
300 135 392 178 124
637 128 692 177 P.·
727 126 961 176 OVIDII
993 124 1295 176 NASONIS

295 260 381 307 Nil
403 260 501 322 opis
521 260 568 306 in
590 257 698 307 cura
717 260 893 307 scirent
904 274 1138 322 superesse
1159 257 1386 315 Deorum,

362 325 430 372 Et
451 326 555 371 data
575 323 766 372 sollicita
785 333 887 373 tura
905 325 1054 386 perire
1074 338 1227 370 manu.
1548 329 1660 374 3⁷0

297 390 452 451 Atque
471 391 644 437 utinam
664 406 833 454 pugnae
853 396 1007 452 pateat
1025 388 1183 436 loeus!
1221 403 1347 435 arma
1366 400 1619 452 capessant
1635 409 1666 449 ᾗ

363 455 443 508 Et,
467 457 505 501 si
526 460 618 503 non
640 463 853 518 poterunt
873 469 1156 515 exsuperare,
1180 453 1355 500 cadant.

296 519 347 567 N
349 536 437 566 unc
458 521 616 583 inopes
635 522 796 576 victus,
819 521 1074 582 ignavaque
1091 517 1186 566 fata
1205 519 1446 575 timentes,·

363 585 530 632 Monte
552 602 634 634 suo
655 587 832 634 clausos
852 586 1037 632 barbara
1057 585 1186 630 turba
1206 585 1381 645 premit.

297 649 420 698 Tum
445 650 619 707 Venus,
644 660 690 699 et
711 652 824 698 lituo
845 651 1032 713 pulcher
1053 648 1291 710 trabeQue
1315 648 1563 706 Qiirinus,
1631 684 1638 689 .

365 715 596 778 Vestaque
617 733 699 778 pro
723 715 859 762 Latio
880 715 1025 761 multa
1043 715 1196 761 locuta
1216 729 1315 761 suu.

300 780 500 835 Publica,
524 781 767 843 respondit,
791 796 899 827 cura
920 786 993 826 est
1012 795 1095 841 pro
1115 780 1341 841 moenibus
1359 778 1473 834 istis,

364 846 557 907 Jupiter,
594 853 640 892 et
660 858 820 907 poenas
845 844 998 892 Gallia
1019 845 1141 891 victa
1162 844 1296 890 dabit.

252 942 253 947 ,
298 910 375 958 Tu
396 908 545 964 modo,
568 925 671 972 quae
691 910 854 956 desunt
871 908 1041 971 fruges,
1067 923 1300 970 superesse
1319 914 1557 971 putentur,

363 974 510 1021 Effice
528 991 540 1019 t
579 990 663 1020 nec
685 975 814 1022 sedes
834 975 1004 1029 desere,
1027 973 1184 1029 Vesta,
1208 981 1323 1020 tuas.
1505 994 1510 999 ·
1544 979 1656 1023 580

301 1039 635 1099 Quodcumque
642 1045 713 1085 est
724 1037 904 1087 Cereris
914 1039 1083 1093 solidae,
1093 1054 1206 1086 cava
1212 1039 1420 1086 machina
1427 1039 1650 1104 frangat3

365 1103 685 1165 Mollitamque
707 1120 844 1151 manu
867 1105 998 1151 duret
1019 1105 1066 1150 in
1087 1105 1199 1166 igne
1217 1104 1362 1151 focus.

297 1167 332 1216 J
334 1175 532 1226 usseratz
572 1175 619 1216 et
638 1168 788 1217 fratris
809 1171 943 1232 virgo
967 1169 1179 1216 Saturnia
1188 1170 1331 1231 jussis

366 1233 542 1281 Adnuit
550 1251 565 1291 3
599 1241 647 1281 et
667 1236 829 1282 mediae
852 1242 1057 1297 tempora
1076 1236 1232 1281 noctis¹
1245 1240 1389 1281 erant.

298 1297 405 1346 Jam
428 1300 613 1346 ducibus
635 1315 845 1347 somnum
867 1300 1049 1347 dederat
1068 1301 1208 1348 labor.
1239 1296 1455 1365 Increpat
1473 1298 1588 1348 illoc
1629 1334 1638 1341 -

365 1363 558 1426 Jupiter,
592 1372 640 1412 et
662 1380 802 1421 sacro,
826 1366 932 1428 quid
953 1366 1077 1420 velit,
1099 1381 1179 1412 ore
1201 1365 1362 1412 docet:

301 1427 498 1492 Surgite,
524 1430 637 1478 etin
658 1432 833 1478 medios
853 1431 910 1478 de
932 1431 1119 1478 summis
1139 1430 1313 1477 arcibus
1334 1432 1498 1478 hostes·

368 1495 557 1552 Mittite,
580 1513 715 1559 quam
737 1494 925 1544 minime
945 1497 1134 1559 perdere
1153 1497 1304 1551 vultis,
1327 1510 1477 1558 opem.

302 1559 504 1609 Somnus
525 1563 633 1617 abit,-
652 1569 949 1624 quaeruntque
970 1563 1103 1609 novis
1122 1561 1384 1624 ambagibus
1405 1560 1509 1618 acti,

369 1625 566 1674 Perdere
586 1643 720 1689 quam
740 1627 900 1682 nolint,
924 1634 971 1672 et
983 1628 1238 1689 jubeantur,
1261 1641 1410 1689 opem.
1543 1627 1652 1676 390

301 1689 442 1746 Eece,
465 1690 608 1739 Ceres
627 1694 726 1739 visa
745 1698 844 1740 est:
872 1692 1053 1753 Jaciunt
1074 1690 1281 1740 Cerealia
1301 1691 1448 1739 dona.-
1623 1695 1628 1700 '

367 1752 403 1803 J
403 1762 505 1802 aeta
526 1771 659 1817 super
677 1757 831 1818 galeas
851 1764 1068 1818 scutaque
1086 1757 1228 1819 longa
1247 1763 1426 1804 sonant.

305 1817 453 1866 Posse
471 1819 592 1868 fame
615 1821 734 1868 vinci
756 1837 858 1883 spes
879 1821 1076 1869 excidit:
1117 1822 1272 1870 Hoste
1292 1822 1476 1884 repulso
1561 1851 1566 1858 ·

296 1895 300 1904 ’
371 1882 577 1932 Candida
598 1885 766 1934 Pistori
786 1888 971 1949 ponitur
991 1902 1068 1934 ara
1088 1885 1212 1936 Jovi.

305 1947 449 1997 Forte
472 1953 727 1999 revertebar
748 1953 884 1999 sacris
908 1951 1170 1999 Vestalibus
1191 1950 1309 2006 illac,

353 2013 481 2069 'Qua
502 2016 641 2064 Nova
663 2016 876 2063 Romano
898 2032 1019 2063 nunc
1043 2016 1135 2064 Via
1145 2019 1310 2080 Juncta
1332 2014 1458 2064 Foro
1479 2023 1578 2064 eah-

309 2079 422 2126 Huc
443 2081 556 2143 pede
576 2088 827 2128 matronam
849 2082 939 2128 vidi
961 2082 1236 2129 descendere
1252 2082 1373 2129 nudo
1391 2099 1405 2128 ε

334 2177 341 2190 .
372 2142 610 2206 Obstupui,
633 2147 796 2192 tacitus
817 2147 1098 2207 sustinuique
1118 2148 1326 2209 gradum.

311 2209 464 2256 Sensit
485 2225 598 2256 anus
620 2211 767 2257 vicina
787 2211 898 2257 loci:
928 2212 1198 2274 jussumque
1218 2211 1386 2258 sedere·

373 2274 660 2334 Adloquitur,
683 2276 901 2335 quatiens,
925 2292 1040 2323 voce
1060 2283 1294 2331 tremente,
1317 2282 1466 2337 caput.
1546 2279 1651 2323 400

311 2336 434 2393 Hoc,
457 2339 531 2384 ubi
555 2354 675 2385 nunc
694 2339 794 2386 fora
813 2348 932 2394 sunt,
956 2340 1057 2387 udae
1079 2348 1265 2388 tenuere
1284 2340 1493 2402 paludecs

374 2402 528 2448 Amne
550 2403 806 2450 redundatis
824 2403 950 2451 fossa
968 2406 1173 2452 madebat
1194 2406 1336 2467 aquis.

311 2464 500 2513 Curtius
521 2467 595 2511 ille
615 2467 752 2522 lacus,
777 2469 917 2515 siccas
939 2469 1015 2530 qui
1036 2470 1229 2516 sustinet
1250 2484 1362 2523 aras,

375 2529 514 2576 Nunc
535 2531 677 2578 solida
697 2540 768 2578 est
786 2534 936 2586 tellus,
960 2534 1039 2580 sed
1057 2534 1183 2580 lacus
1203 2530 1310 2580 ante
1329 2533 1431 2580 fuit.

309 2592 417 2648 Qua
437 2593 633 2642 Velabra
653 2596 799 2643 solent
819 2599 865 2644 in
889 2596 1076 2645 Circum
1099 2598 1261 2644 ducere
1280 2612 1482 2660 pompas

372 2657 457 2705 Nil
478 2666 642 2721 praeter
662 2662 820 2711 salices
840 2677 1057 2723 cassaque
1078 2677 1223 2711 canna
1240 2661 1356 2710 fuit.-
