1842 2966
344 181 653 235 EPISTOIJ.
675 183 1031 234 EXPONTO
1054 185 1162 236 an.
1180 185 1222 236 1.
1246 189 1292 237 7.
1390 189 1491 237 259

142 314 434 377 Addequbd
456 325 528 365 est
545 317 686 365 frater
706 324 835 371 tanto
856 318 938 364 tibi
951 318 1140 381 junctus
1163 334 1349 375 amore,-

220 382 436 436 Quantus
457 384 506 430 in
529 384 705 430 Atridis
725 382 1090 445 Tyndaridisque
1109 384 1209 430 fuit.

141 446 206 496 Is
227 463 305 494 me
326 463 410 494 nec
433 450 658 503 comitem,
683 464 767 495 nec
790 448 1059 511 dedignatus
1080 450 1275 496 amicum
1297 457 1394 497 est:

222 512 276 560 Si
298 519 452 560 tamen
473 514 573 564 haec
593 514 665 559 illi·
681 529 773 560 non
797 515 1003 562 nocitura
1023 521 1168 576 putas.

144 576 203 626 Si
229 574 396 632 minus,
418 577 502 625 hac
526 593 704 640 quoque
726 593 800 626 me
821 580 1085 626 mendacem
1108 586 1235 641 parte
1255 578 1444 626 fatebor.

222 635 395 690 Clausa
417 643 525 689 mihi
546 641 697 705 potius
720 650 817 690 tota
839 645 896 690 sit
920 645 1008 691 ista
1029 645 1204 691 domus.

150 707 256 756 sed
277 722 423 768 neque
443 708 691 756 claudenda
705 715 804 765 est;
840 715 887 755 et
908 709 1033 756 nulla
1051 710 1254 772 potentia
1274 710 1395 756 vires

226 771 497 829 Praestandi,
523 789 581 820 ne
603 774 710 834 quid
730 780 887 836 peccet
910 776 1094 831 amicus,
1118 776 1266 822 habet.

148 836 227 889 Et
251 844 405 884 tamen
427 845 479 884 ut
501 853 725 901 cuperem,
749 840 927 901 culpam
951 856 1134 901 quoque
1150 855 1286 903 posse
1312 836 1499 901 negari3

224 902 304 949 Sic
323 901 499 950 facinus
521 919 656 951 nemo
678 905 822 952 nescit
843 907 1001 951 abesse
1021 906 1146 952 mihi.
1431 907 1496 950 40
1575 933 1579 938 -

151 963 303 1022 Quod
323 968 409 1015 nisi
433 969 584 1016 delicti
605 985 712 1031 pars
732 970 1000 1017 excusabilis
1022 978 1169 1029 esset3

229 1031 380 1079 Parva
400 1034 591 1097 relegari
611 1050 750 1096 poena
769 1035 923 1082 futura
943 1034 1042 1083 fuit.

158 1097 276 1161 Ipse
297 1097 377 1145 sed
398 1099 486 1145 hoc
506 1100 632 1155 vidit,
655 1101 731 1161 qui
753 1102 956 1162 pervidet
978 1103 1143 1157 omnia,
1171 1099 1362 1158 Caesar3

232 1162 480 1211 Stultitiam
505 1165 590 1211 dici
613 1166 801 1212 crimina
822 1180 956 1227 posse
977 1182 1092 1213 mea.

157 1225 363 1289 Quique
377 1244 473 1291 ego
494 1230 690 1292 permisi,
712 1229 890 1291 quique
912 1238 982 1275 est
1004 1246 1076 1277 res
1096 1247 1242 1292 passa,
1258 1231 1481 1294 pepercit:

232 1292 363 1340 Usus
384 1304 431 1340 et
452 1302 522 1341 est
543 1291 722 1341 modice
741 1294 944 1340 fulminis
965 1295 1075 1357 igne
1096 1298 1181 1342 sui.

161 1356 276 1405 Nec
295 1359 451 1413 vitam,
473 1375 558 1406 nec
580 1375 703 1422 opes,
727 1374 812 1405 nec
835 1359 1002 1404 ademit
1021 1373 1157 1421 posse
1178 1360 1370 1407 reverti:

234 1423 285 1470 Si
307 1440 389 1470 sua
408 1440 490 1487 per
509 1433 683 1472 vestras
703 1424 826 1471 victa
848 1424 905 1470 sit
927 1424 994 1470 ira
1012 1440 1185 1486 preces.

163 1490 239 1538 At
261 1491 462 1552 graviter
482 1491 639 1538 cecidi.
677 1489 802 1544 Quid
822 1491 943 1536 enirn
964 1490 1179 1546 mirabile,
1204 1491 1241 1537 si
1264 1488 1365 1551 quis
1570 1518 1574 1523 ‹

240 1555 296 1601 A*
320 1554 441 1603 Jove
462 1571 701 1618 percussus
722 1571 815 1603 nou
837 1555 941 1602 leve
962 1555 1130 1602 vulnus
1152 1556 1286 1602 habet
1300 1555 1324 1600 ἰ’
1446 1556 1511 1600 50

164 1619 282 1683 Ipse
304 1635 408 1668 suas
429 1629 480 1667 ut
493 1622 590 1684 jam
612 1623 734 1669 vires
754 1621 976 1668 inhiberet
998 1621 1216 1676 Achilles,

237 1685 388 1732 Missa
408 1701 572 1748 graves
593 1687 711 1733 ictus
735 1683 885 1733 Pelias
906 1687 1037 1733 hasta
1057 1687 1178 1732 tulit.

160 1749 402 1802 :Iudicium
425 1752 554 1798 nobis
574 1751 715 1813 igitur
737 1749 840 1797 cum
861 1751 1053 1798 vindicis
1074 1752 1203 1807 adsit,

240 1813 354 1862 Non
375 1823 446 1863 est
468 1831 548 1862 cur
569 1823 649 1862 tua
667 1831 743 1863 me
759 1817 896 1880 janua
918 1814 1054 1864 n6sse
1078 1823 1229 1880 neget.

166 1879 320 1931 Culta
340 1881 517 1941 quidem
543 1879 731 1944 (fateor)
759 1878 882 1936 citri,
906 1878 1041 1942 quam
1064 1882 1229 1937 debuit,
1250 1880 1355 1927 illa:

241 1945 337 1992 Sed
356 1945 444 1991 fuit
461 1947 508 1991 in
531 1945 637 1992 fatis
659 1948 745 1992 hoc
768 1961 958 2007 quoque,
983 1947 1133 2001 credo,
1155 1947 1283 1993 meis.

167 2010 282 2061 Nec
302 2017 454 2057 tamen
477 2010 674 2057 officium
697 2013 839 2058 sensit
859 2012 1008 2074 magis
1030 2012 1171 2059 altera
1192 2018 1415 2058 nostrum.

241 2073 353 2130 Hic,
376 2075 481 2130 illic,
503 2083 656 2123 vestro
679 2077 761 2123 sub
784 2075 905 2124 Lare
929 2092 1105 2140 semper
1126 2092 1266 2125 eram.

168 2141 390 2201 Quaeque
410 2147 489 2187 tua
509 2147 581 2187 est
602 2142 775 2202 pietas;
810 2148 862 2189 ut
883 2150 929 2189 te
951 2158 1043 2189 non
1066 2143 1244 2189 excolat
1264 2144 1427 2205 ipsum,
1443 2178 1454 2186 ,

238 2205 275 2255 J
278 2221 331 2253 us
352 2204 532 2265 aliquod
552 2213 702 2252 tecum
722 2206 874 2254 fratris
896 2208 1068 2254 amicus
1089 2209 1235 2255 habet.
1454 2212 1520 2255 60

170 2271 318 2327 Quid,
340 2267 473 2330 quod,
494 2274 545 2316 ut
566 2272 764 2318 emeritis
785 2272 1017 2318 referenda
1037 2280 1105 2319 est
1127 2274 1276 2334 gratia
1296 2288 1487 2336 semper,

241 2336 320 2383 Sic
342 2342 410 2381 est
430 2334 627 2382 sortunae
647 2338 947 2398 promeruisse
969 2337 1095 2384 tuae?

172 2397 321 2458 Quod
341 2400 377 2447 si
394 2400 617 2462 permittis
639 2401 766 2449 nobis
787 2402 988 2455 suadere,
1012 2402 1120 2462 quid
1141 2409 1271 2463 optes
1285 2420 1299 2447 z

246 2464 320 2512 Ut
341 2465 434 2520 des,
457 2463 593 2526 quaeim
615 2466 786 2520 reddas,
810 2466 953 2528 plura,
977 2482 1159 2528 precare
1177 2466 1323 2513 Deos.

175 2528 328 2591 quue
347 2529 472 2584 facis,
495 2538 802 2592 quantumque
822 2533 931 2579 licet
949 2533 1223 2587 meminisse,
1246 2531 1422 2579 solebas
1501 2534 1509 2539 “

244 2595 398 2643 Officii
418 2601 623 2643 caussam
645 2597 846 2657 pluribus
867 2613 968 2643 esse
990 2597 1094 2644 dati.

172 2661 292 2717 Quo
311 2661 421 2707 libet
440 2660 488 2707 in
511 2675 701 2708 numero
721 2676 810 2717 me,
834 2661 1117 2717 Messalline,
1139 2676 1332 2723 repone:

234 2727 342 2775 Sim
364 2723 500 2775 modo
520 2741 626 2793 pars
648 2733 930 2777 vestrae‘non
952 2726 1099 2776 aliena
1119 2727 1295 2775 domus.
