1842 2966
270 108 365 152 100
613 102 670 151 Ρ.
704 99 938 152 ovum
969 99 1272 151 NASONIS

268 232 563 284 Conveniunt
580 234 713 296 pictis
733 232 947 282 incinctae
967 234 1167 282 vestibus
1189 232 1351 289 Horae,

318 297 480 360 Inque
499 300 625 347 leves
646 300 846 348 calathos
866 314 1058 346 munera
1077 305 1234 346 nostra
1251 298 1430 361 legunt.

267 362 486 412 Protinus
505 365 729 428 adripiunt
752 363 974 419 Charites,
999 371 1276 426 nectuntque
1297 378 1517 420 coronas,

334 428 553 492 Sertaque
575 432 785 478 coelestes
804 430 1076 493 implicitura
1096 445 1263 479 comas-
1523 433 1650 479 220

190 486 199 493 ’
268 492 424 543 Prima
443 511 525 558 per
546 498 790 544 immensas
812 495 954 558 sparsi
975 510 1098 542 nova
1116 495 1290 542 semina
1311 500 1499 557 gentes.

185 2821 217 2849 k

333 559 487 608 Unius
509 563 642 610 tellus
663 561 771 610 ante
793 561 958 608 coloris
979 568 1097 608 erat.

269 624 426 691 Prima
445 626 732 690 Therapnaeo
753 627 841 674 feci
864 627 919 672 de
942 626 1165 688 sanguine
1184 624 1373 672 florem:

333 690 401 740 Et
421 701 576 742 manet
596 695 644 740 in
662 692 774 740 folio
795 693 962 752 scripta
982 691 1165 752 querela
1180 705 1276 737 suo.

265 755 341 804 Tu
361 775 541 820 quoque
562 772 730 805 nomen
745 758 882 802 habes
897 755 1059 812 cultos,
1077 755 1315 812 Narcisse‚
1322 771 1405 818 per
1419 754 1597 804 hortos
1614 774 1631 803 ε

332 822 513 879 Infelix,
536 821 658 885 quod
674 837 767 868 non
789 822 901 868 alter
924 829 972 869 et
986 822 1098 868 alter
1119 836 1219 868 eras
1237 820 1256 868 !¹

266 887 394 943 Quid
417 887 614 943 Crocon,
639 894 718 934 aut
734 887 868 934 Attin
882 887 1088 942 referam,
1099 883 1364 948 Cinyraque
1379 893 1599 934 creatum
1611 905 1634 946 ;

332 953 412 1001 De
434 968 625 1015 quorum
645 968 728 1015 per
747 967 822 998 me
842 952 1030 999 vulnere
1046 953 1194 1014 surgit
1214 951 1395 999 honor?

265 1016 399 1066 Mars
420 1032 615 1080 quoque,
638 1018 676 1066 si
692 1018 853 1074 nescis,
874 1033 957 1080 per
971 1025 1150 1065 nostras
1170 1017 1320 1064 editus
1340 1024 1471 1065 artes.

329 1081 510 1146 Jupiter
532 1085 619 1131 hoc
636 1090 687 1130 ut
706 1084 852 1131 adhuc
869 1085 1054 1138 nesciat,
1078 1097 1221 1143 usque
1240 1098 1418 1146 precor.
1517 1086 1636 1132 230

266 1149 434 1197 Sancta
449 1147 483 1196 J
483 1165 616 1198 ovem
637 1148 671 1199 J
673 1165 778 1206 uno,
801 1147 908 1197 nat&⁴
930 1150 1028 1196 sine
1046 1155 1195 1196 matre
1216 1145 1447 1205 Minerva,

336 1214 503 1262 Officio
524 1215 668 1263 doluit
687 1230 781 1264 non
794 1216 985 1278 ‚eguisse
1006 1229 1104 1262 suo.

268 1277 386 1335 Ibac
408 1286 462 1327 ut
478 1279 667 1330 Oceano
686 1288 948 1344 quereretur
967 1280 1090 1328 furta
1110 1281 1259 1328 mariti
1278 1299 1290 1328 ι

335 1344 529 1393 Restitit
548 1347 605 1394 ad
627 1354 806 1395 nostras
827 1346 949 1393 fessa
966 1346 1119 1393 labore
1138 1346 1275 1394 fores.

270 1410 425 1466 Quam
444 1413 579 1460 simul
595 1413 810 1476 adspex33
835 1412 963 1466 Quid
982 1418 1043 1468 te,
1064 1412 1285 1468 Saturnia,
1309 1411 1419 1468 dixi,

333 1477 543 1526 Attulit?
595 1478 815 1543 Exponit,
839 1494 974 1541 quem
994 1486 1131 1540 petat,
1154 1477 1233 1524 illa
1252 1477 1419 1525 locum.

268 1544 460 1592 Addidit
474 1552 522 1598 et
543 1560 761 1593 caussam.
808 1543 975 1591 Verbis
996 1544 1170 1590 solabar
1190 1544 1362 1590 amici&

334 1609 460 1665 Non,
478 1611 636 1672 inquit,
653 1610 803 1658 verbis
819 1623 929 1655 cura
947 1609 1139 1657 levanda
1159 1623 1263 1655 mea
1282 1615 1368 1656 est.

269 1673 321 1723 si
342 1682 472 1736 pater
491 1683 564 1723 est
581 1674 728 1722 factus
749 1674 963 1735 neglecto
985 1674 1193 1737 conjugis
1213 1689 1300 1721 usu

335 1738 530 1802 Jupiter,
553 1747 601 1787 et
620 1755 789 1787 nomen
811 1739 935 1785 solus
956 1746 1197 1800 utrumque
1217 1746 1377 1798 tenet3
1489 1756 1496 1762 ·
1517 1745 1632 1790 240

269 1801 370 1855 Cur
385 1821 475 1868 ego
496 1806 730 1869 desperem
743 1804 843 1852 fieri
864 1804 963 1851 sine
984 1805 1179 1867 conjuge
1199 1812 1347 1851 mater
1358 1821 1375 1863 ;

335 1869 403 1919 Et
422 1885 581 1934 parere
598 1872 784 1927 intacto,
807 1870 1052 1917 dummodo
1073 1878 1210 1925 casta,
1233 1870 1333 1917 viro
1344 1870 1368 1915 ἱ)

269 1935 440 1985 Omnia
461 1938 643 1984 tentabo
663 1937 767 1984 latis
788 1934 1086 1983 medicamina
1101 1936 1263 1994 ἵει-τῖες

335 2002 402 2050 Et
424 2003 552 2056 freta,
567 2000 814 2049 Tartareos
831 2002 1149 2062 excutiamque
1164 2002 1304 2048 sinus.

267 2066 380 2115 Vox
401 2069 565 2115 eratin
587 2082 748 2114 cursu:
775 2067 955 2115 vultum
970 2067 1214 2114 dubitantis
1233 2066 1465 2114 habebam

335 2131 508 2180 Nescio
525 2133 644 2193 quid,
668 2131 899 2195 Nympho,
923 2148 1057 2196 posse
1077 2130 1257 2187 videris,
1274 2133 1351 2179 ait.

273 2198 371 2247 Ter
391 2197 515 2245 volui
535 2198 798 2259 promittere
819 2213 965 2262 opem,
990 2204 1059 2245 ter
1080 2198 1239 2259 lingua.
1257 2204 1434 2245 retenta
1454 2203 1553 2246 este

332 2261 414 2310 Ira
433 2261 566 2312 Jovis
587 2263 744 2324 magni
767 2278 927 2311 caussa
946 2263 1121 2310 timoris
1143 2269 1255 2309 erat.

271 2328 377 2383 Fer,
399 2344 571 2391 precor,
593 2328 822 2385 auxilium,
846 2330 992 2386 dixit3
1016 2328 1231 2375 celabitur
1252 2335 1435 2375 auctorz

336 2392 405 2440 Et
427 2392 608 2455 stygiae
628 2408 798 2441 numen
819 2393 1087 2442 testificatur
1106 2407 1255 2454 aquae.
1517 2397 1622 2445 250

274 2456 413 2513 Quod
433 2457 769 2520 petia-Oleniis,
791 2461 989 2522 inquam,
1012 2459 1123 2505 mihi
1144 2460 1310 2506 missus
1329 2459 1386 2505 ab
1408 2460 1532 2507 arvis

341 2522 452 2570 Flos
473 2523 617 2571 dabit:
645 2533 717 2572 est
737 2526 881 2572 hortis
901 2526 1063 2572 unicus
1082 2524 1160 2570 ille
1179 2524 1309 2571 meis.

277 2588 373 2643 Qui
405 2587 547 2644 dabat,
573 2589 696 2646 Hoc,
718 2591 846 2646 dixit,
869 2589 1068 2637 sterilem
1092 2603 1270 2649 quoque
1290 2594 1431 2650 tange
1444 2590 1619 2653 juven-

340 2652 497 2703 Matcr
517 2656 616 2704 erit.
653 2654 834 2720 Tetigi:
862 2671 948 2705 nec
968 2667 1120 2714 mora3
1143 2658 1287 2701 mater
1308 2660 1420 2702 erat.
1465 2652 1590 2719 [cam
1601 2674 1620 2716 ς
