1842 2966
285 65 306 98 δ

313 211 620 277 EP'ISTOL.
641 224 995 275 EXPONTO
1030 224 1138 274 Lm.
1161 224 1259 280 111.
1290 231 1338 275 2.
1403 191 1502 277 293

144 359 347 410 Occidit
367 365 418 406 et
434 357 654 413 Theseus,
678 365 726 404 et
746 358 821 418 qui
845 357 1078 410 comitavit
1099 356 1324 405 Oresten:

192 440 199 446 ·
230 426 328 473 Sed
343 433 494 471 tamen
516 424 561 470 in
585 424 739 470 laudes
759 424 871 469 vivit
894 430 1084 483 uterque
1105 438 1225 471 suas.

149 490 270 538 Vos
295 490 430 536 etiam
452 490 542 536 seri
555 489 796 535 laudabunt
820 504 941 549 saepe
963 495 1178 549 nepotes;

230 554 461 615 claraque
482 555 569 600 erit
590 554 766 616 scriptis
787 554 935 614 gloria
954 560 1107 600 vestra
1121 553 1250 599 meis.

134 621 265 685 J-Iic
290 634 471 680 quoque
494 619 771 666 Sauromatae
783 620 880 680 jam
905 634 988 664 vos
1010 633 1180 664 novere
1201 619 1453 678 Getaeque:

232 685 306 732 Et
321 686 434 731 tales
456 686 630 730 animos
653 685 836 742 barbara
858 685 986 729 turba
1000 684 1173 745 probat.

160 750 385 811 cumque
400 766 489 812 ego
511 750 566 795 de
589 746 739 795 vestra
760 764 902 810 nuper
921 749 1142 809 probitate
1163 748 1390 802 referrem,

233 815 387 880 (Nam
402 815 535 861 didici
560 811 725 861 Getice
748 811 1087 874 Sarmaticeque
1103 811 1249 875 loqui)
1446 814 1514 857 40

166 877 323 929 Forte
347 896 485 927 senex
508 880 701 940 quidam,
726 886 848 925 coetu
870 876 974 925 cum
999 887 1137 925 staret
1157 880 1204 927 in
1227 879 1319 934 illo,

234 945 456 992 Reddidit
477 946 533 991 ad
556 946 733 991 nostros
756 945 862 991 talia
881 946 1021 990 verba
1036 960 1172 992 sonos
1191 961 1204 991 ι
1338 979 1345 984 -

168 1011 285 1059 Nos
307 1026 485 1071 quoque
505 1010 715 1056 amicitiae
738 1025 904 1056 nomen
927 1010 1042 1056 bene
1064 1011 1288 1066 novimus,
1304 1010 1485 1071 hospes,

242 1076 379 1130 Quos
399 1076 554 1137 procul
576 1072 604 1120 a
623 1076 751 1122 vobis
772 1075 963 1137 frigidus
989 1073 1107 1122 Ister
1129 1077 1276 1123 habet.

167 1141 270 1191 Est
290 1142 419 1187 locus
441 1141 487 1187 in
514 1138 710 1201 Scythia,
740 1139 943 1204 (Tauros
966 1141 1119 1187 dixere
1142 1137 1336 1202 priores)

244 1206 342 1260 Qui
367 1203 531 1253 Getica
550 1203 692 1267 longe
713 1222 803 1252 non
830 1206 893 1250 ita
914 1205 1050 1251 distat
1071 1206 1226 1252 humo.

170 1270 289 1320 Hac
312 1287 401 1333 ego
423 1286 522 1317 sum
545 1270 666 1317 terra
689 1270 868 1333 (patriae
891 1284 977 1314 nec
991 1268 1204 1330 poenitet)
1230 1277 1370 1316 ortus.

243 1334 521 1385 Consortem
545 1333 707 1381 Phoebi
729 1350 846 1397 gens
868 1333 976 1380 colit
997 1333 1074 1378 illa
1097 1332 1262 1379 Deam.

171 1402 375 1463 Templa
394 1408 579 1448 manent
600 1401 745 1456 hodie,
768 1400 909 1447 vastis
930 1399 1088 1444 innixa
1109 1398 1362 1445 columnis:

244 1465 428 1528 Perque
449 1475 606 1529 quater
628 1466 768 1514 denos
790 1467 880 1512 itur
900 1466 949 1511 in
973 1463 1049 1509 illa
1069 1463 1251 1525 gradus.
1455 1465 1520 1511 50

175 1534 329 1583 Fama
348 1532 497 1589 refert,
519 1533 611 1579 illic
634 1533 815 1594 signum
838 1531 1025 1577 coeleste
1044 1527 1199 1577 fuisse.

250 1597 447 1659 Quoque
462 1596 612 1644 minus
629 1598 816 1652 dubites,
840 1602 930 1643 stat
944 1596 1062 1642 basis
1085 1595 1194 1641 orba
1214 1590 1335 1642 Dea.

179 1665 384 1724 Araque,
408 1678 509 1724 quae
531 1663 676 1709 fuerat
693 1660 852 1711 natura
873 1661 1062 1707 candida
1082 1661 1196 1717 saxi,

251 1727 455 1775 Decolor
476 1728 633 1774 adfuso
656 1729 797 1774 tincta
816 1742 978 1773 cruore
1000 1727 1142 1772 rubet.

179 1792 382 1843 Femina
397 1810 523 1840 sacra
532 1794 652 1847 facit,
675 1793 808 1839 taedae
830 1808 923 1839 non
940 1790 1207 1852 notajugali
1226 1807 1238 1836 ε

253 1859 378 1914 Quae
393 1866 572 1922 superat
596 1859 831 1919 Scythicas
853 1857 1085 1917 nobilitate
1107 1871 1262 1903 nuru&

101 1962 110 1967 -
183 1924 391 1975 sacrifici
410 1940 557 1986 genus
578 1929 661 1978 est,
687 1923 774 1986 (sic
796 1919 1032 1968 instituere
1052 1918 1251 1983 priores)

253 1989 449 2037 Advena
469 1990 673 2051 virgineo
696 2003 842 2035 caesus
858 1994 909 2034 ut
932 2002 1039 2033 ense
1061 1985 1206 2033 cadat.

332 2070 359 2102 a
379 2054 534 2101 Thoas
549 2055 715 2109 habuit,
739 2053 964 2103 Maeotide
984 2052 1132 2098 clarus
1151 2052 1200 2098 in
1222 2048 1329 2100 orfiz

255 2120 358 2173 Nec
378 2118 466 2165 fuit
489 2119 686 2166 Euxinis
707 2119 858 2165 notior
880 2119 994 2165 alter
1015 2117 1155 2178 aquis.
1461 2120 1530 2165 60

187 2186 377 2247 Sceptra
398 2192 584 2231 tenente
604 2184 695 2239 illo,
718 2185 907 2245 liquidas
928 2182 1089 2230 fecisse
1104 2198 1184 2245 per
1205 2197 1337 2232 auras

260 2249 434 2297 Nescio
458 2265 592 2311 quam
617 2249 772 2296 dicunt
796 2248 1064 2311 Iphigenian
1085 2249 1185 2295 iter.

194 2316 348 2371 Quam
371 2315 543 2361 levibus
563 2315 714 2361 ventis
736 2315 818 2360 sub
837 2316 956 2360 nube
976 2330 1058 2375 per
1079 2312 1181 2360 aera
1201 2319 1380 2361 vectam

257 2379 471 2428 Creditur
491 2381 562 2427 his
587 2379 759 2426 Phoebe
781 2380 1040 2440 deposuisse
1058 2378 1185 2425 locis.

192 2444 448 2501 Praefuerat
470 2445 639 2507 templo
660 2444 828 2491 multos
850 2460 905 2490 ea
926 2445 1011 2489 rite
1030 2459 1110 2504 per
1132 2459 1292 2500 annos,

258 2508 413 2557 Invita
432 2525 655 2572 peragens
676 2510 823 2555 tristia
843 2524 969 2567 sacra
988 2523 1126 2555 manu
1145 2526 1157 2555 ε

339 2575 429 2621 duo
450 2572 636 2622 velifera
649 2575 841 2638 juvenes
862 2571 1030 2619 venere
1050 2570 1230 2634 carin&

259 2638 619 2702 Presseruntque
642 2655 723 2686 suo
746 2640 880 2685 litora
900 2645 1056 2685 nostra
1077 2639 1211 2700 pede.

194 2704 287 2753 Par
307 2704 395 2753 fuit
415 2705 487 2754 hia
507 2713 632 2760 aetas,
655 2714 701 2751 et
722 2719 875 2752 amor:
904 2718 1094 2765 quorum
1117 2704 1230 2751 alter
1253 2701 1454 2765 Oreste&

259 2770 392 2819 Alter
412 2778 509 2820 erat
531 2769 744 2833 Pylades.
785 2769 993 2819 Nomina
1005 2767 1131 2819 fama
1145 2774 1284 2816 tenet„
1471 2767 1536 2813 70
