1842 2966
260 101 264 107 ¹
323 124 632 186 ΕΡΙςΤοΙΑ
651 136 753 185 Ex
777 136 1010 186 PONTo
1033 138 1141 188 Lu.
1161 138 1202 189 1.
1225 146 1272 190 4.
1371 147 1470 194 253

83 266 218 317 Me
237 283 418 330 quoque
439 268 640 316 debilitat
662 270 800 317 series
820 270 1044 317 immensa
1062 271 1298 330 malorum,

190 333 324 380 Ante
345 349 496 380 meum
521 342 698 396 tempus
720 337 845 397 cogit
867 343 914 381 et
936 345 1038 383 esse
1059 351 1228 385 senem.
1406 343 1474 386 20

84 398 238 446 Otia
260 414 423 460 corpus
445 399 601 457 alunt;
636 400 812 446 animus
827 416 1005 461 quoque
1027 403 1228 463 pascitur
1250 403 1362 452 illis:

191 461 476 510 Immodicus
498 461 657 511 contria
678 466 818 527 carpit
841 473 1082 529 utrumque
1103 466 1241 514 labor.

92 528 346 590 Adspice,
371 530 417 575 in
441 529 521 575 has
543 538 692 591 partes
713 527 835 591 quod
855 533 1032 582 venerit
1055 530 1233 580 AEsone
1256 541 1401 592 natus,
1469 587 1473 593 .

191 593 350 647 Quam
372 593 548 640 laudem
572 591 600 642 ὲ
622 591 722 641 serii
742 596 1007 657 posteritate
1028 596 1159 644 ferat.

92 660 192 707 At
214 659 345 705 labor
366 659 484 706 illius
507 667 662 706 nostro
684 659 914 721 leviorque
940 662 1180 724 minorque
1199 680 1211 709 ι

190 723 245 770 Si
269 721 405 771 modo
428 739 520 770 non
541 740 700 771 verum
724 728 909 772 nomina
930 741 1097 789 magna
1115 737 1342 789 premunt.

99 786 216 835 Ille
239 797 314 835 est
335 789 382 835 in
407 781 621 843 Pontuni‚
646 788 776 837 Pelia
796 791 1019 847 mittente,
1040 792 1282 855 profectus,

190 852 293 908 Qui
314 855 393 904 vix
414 852 663 905 Thessaliae
684 854 775 903 fine
796 857 1027 905 timendus
1049 866 1161 905 erat.

102 918 332 967 Caesaris
353 920 419 966 ira
438 920 548 965 mihi
572 921 756 977 nocuit;
791 937 926 982 quem
950 922 1072 970 Solis
1095 925 1151 970 ab
1170 932 1275 972 ortu
1404 973 1410 980 ,

190 984 318 1031 Solis
339 985 396 1031 ad
417 1000 604 1032 occasus
625 993 813 1047 utraque
833 994 958 1042 terra
975 989 1141 1037 tremit.
1400 993 1470 1038 30

103 1049 150 1100 J
152 1050 342 1096 unctior
366 1047 614 1098 Haemonia
633 1059 703 1098 est
726 1051 892 1108 Ponto,
914 1051 1050 1114 quzim
1067 1054 1233 1113 Roma,
1257 1055 1462 1105 sinistro:

188 1115 262 1162 Et
282 1115 474 1171 brevius,
494 1113 631 1176 quem
652 1132 751 1172 nos,
777 1117 852 1164 ille
872 1120 1050 1180 peregit
1070 1121 1171 1168 iter.

108 1179 213 1227 Ille
238 1180 395 1228 habuit
416 1180 618 1236 comites,
638 1182 810 1243 primos
832 1183 1007 1230 telluris
1028 1184 1244 1236 Achivae:

189 1243 265 1291 At
286 1253 484 1292 nostram
506 1248 658 1293 cuncti
679 1245 925 1294 destituere
944 1247 1119 1309 fugam.

111 1310 234 1357 Nos
256 1308 406 1373 fragili
426 1317 604 1358 vastum
625 1313 755 1374 ligno
778 1312 1052 1359 sulcavimus
1074 1329 1258 1374 aequor:

190 1375 320 1429 Quae
342 1376 444 1422 tulit
460 1376 735 1431 AEsoniden‚
757 1374 886 1440 firma
907 1377 1060 1423 carina
1079 1377 1180 1424 fuit.
1272 1410 1275 1414 .
1367 1418 1372 1423 .

112 1440 233 1489 Nec
257 1438 433 1504 Tiphys
453 1442 563 1489 mihi
587 1449 733 1491 rector
754 1451 877 1490 erat:
915 1457 1002 1489 nec
1024 1441 1245 1506 Agenore
1265 1453 1400 1495 natus
1439 1502 1446 1507 ‚

193 1506 329 1562 Quas
351 1523 573 1568 sequerer,
597 1509 761 1562 docuit,
785 1522 896 1569 quas
916 1508 1214 1570 fugeremque
1235 1512 1347 1560 vias.

115 1570 269 1620 Illum
294 1579 438 1619 tutata
457 1581 530 1620 est
548 1588 653 1620 cum
676 1571 863 1621 Pallade
884 1574 1011 1636 regia
1030 1571 1186 1622 Junoz

191 1635 460 1684 Defendet-e
480 1653 631 1685 meum
650 1638 835 1685 numina
856 1639 981 1686 nulla
1001 1646 1150 1702 caput.
1396 1646 1465 1693 40

110 1701 267 1751 Illum
288 1701 470 1750 furtivae
481 1704 645 1766 juvere
663 1702 900 1766 Cupidinis
921 1712 1042 1751 artes
1059 1722 1076 1762 3

192 1767 329 1821 Quas
349 1763 376 1814 ὲ
396 1783 471 1814 me
491 1768 659 1815 vellem
681 1784 773 1816 non
795 1770 1024 1817 didicisset
1044 1769 1207 1817 Amor.

118 1831 216 1880 Ille
238 1832 424 1879 domum
445 1834 606 1881 rediit:
644 1850 730 1881 nos
750 1835 824 1881 his
844 1835 1088 1882 moriemur
1109 1835 1156 1881 in
1178 1835 1318 1892 ιιι-νὴ,

193 1896 456 1945 Perstiterit
474 1898 572 1946 laesi
596 1900 633 1953 si
655 1900 809 1961 gravis
829 1901 896 1946 ira
917 1899 1027 1947 Dei.

119 1960 309 2012 Durius
330 1970 402 2010 est
421 1963 560 2025 igitur
581 1972 799 2019 nostrum,
822 1964 1038 2015 fidissima
1057 1965 1239 2028 conjux,

192 2026 298 2084 1110,
321 2028 443 2089 quod
463 2029 599 2076 subiit
619 2029 797 2077 AEsone
818 2037 965 2086 natus,
989 2044 1119 2077 onus.

118 2093 196 2141 Te
214 2108 411 2154 quoque,
433 2108 567 2156 quam
577 2090 800 2157 juvenem
820 2095 1056 2151 discedens
1078 2095 1207 2144 Urbe
1228 2094 1398 2160 reliqui,

191 2156 423 2208 Credibile
442 2166 512 2207 est
533 2161 700 2207 nostris
719 2161 971 2208 insenuisse
991 2160 1136 2208 malis.

123 2225 170 2272 Ο
193 2240 300 2285 ege,
325 2222 395 2270 Di
414 2224 594 2280 faciant,
618 2225 753 2273 talem
777 2233 823 2273 te
843 2242 1029 2277 cernere
1048 2227 1235 2288 possim,

194 2287 407 2350 Curaque
427 2290 612 2338 mutatis
631 2291 786 2338 oscula
804 2290 925 2338 ferre
943 2292 1076 2353 genis
1091 2308 1108 2349 3
1402 2297 1468 2343 50

123 2354 448 2417 Amplectique
469 2355 582 2402 meis
602 2370 767 2417 corpus
788 2371 881 2402 non
896 2357 1067 2418 pingue
1087 2356 1301 2415 lacertis;

192 2419 275 2474 Et,
301 2419 486 2467 Gracile
505 2421 592 2467 hoc
612 2420 733 2475 fecit,
757 2421 919 2476 dicere,
942 2436 1049 2468 cura
1070 2422 1187 2468 mei:

123 2485 195 2536 Et
216 2499 401 2532 narrare
422 2501 548 2533 meos
569 2484 697 2532 flenti
719 2484 835 2533 flens
856 2487 954 2547 ipse
974 2486 1150 2533 labores
1161 2502 1183 2545 ς

196 2549 389 2612 sperato
411 2565 658 2612 numquam
680 2550 995 2612 colloquioque
1015 2550 1105 2597 frui
1123 2568 1136 2598 ι

124 2615 347 2675 Turaque
370 2613 627 2665 Caesaribus
648 2631 753 2663 cum
776 2616 974 2678 conjuge
997 2614 1183 2665 caesare
1202 2616 1354 2680 digni,

128 2718 139 2722 -
196 2679 290 2727 Dis
311 2682 444 2739 veris,
468 2682 658 2729 memori
681 2682 828 2730 debita
849 2681 969 2728 serre
991 2681 1151 2731 manu!

127 2761 233 2793 vor..
259 2759 329 2793 ιιι.
979 2762 1005 2793 z
