1842 2966
269 107 603 165 EPISTOL.
636 77 736 159 Ei(
769 110 1004 160 PONTo
1036 110 1144 162 Lu.
1167 111 1259 163 IV.
1282 119 1329 163 ε.
1381 117 1475 164 321

67 242 419 306 Ingentique
440 243 585 305 gradu
606 249 764 290 contra
782 242 1041 305 ferrumque
1061 244 1318 307 locumque

160 309 420 369 Saxaque
439 309 628 355 brumali
648 308 868 370 grandine
888 310 1028 371 plura,
1053 310 1190 357 subis.

72 372 217 420 Nee
244 381 301 420 te
329 374 477 420 missa
491 388 631 449 'super
640 375 896 437 jaculorum
918 375 1049 421 turba
1070 382 1283 431 moratur,

162 437 298 485 Nec
323 453 437 499 quae
458 439 640 500 vipereo
661 439 753 486 tela
772 455 932 487 cruore
953 440 1150 486 madent.

82 504 312 566 Spicula
337 519 448 549 cum
470 504 602 565 pictis
623 505 838 566 horrent
826 520 873 550 m
896 506 1070 552 casside
1089 506 1277 567 pennis.

173 567 412 629 Parsque
432 566 528 615 fere
552 571 666 618 scuti
687 570 875 616 vulnere
897 571 1021 618 nulla
1041 579 1186 618 vacat.

90 633 226 681 Nec
253 649 433 695 corpus
454 641 642 681 cunctos
661 634 852 681 feliciter
871 634 1033 698 effugit
1054 637 1202 693 ictus;

182 699 291 746 Sed
313 700 470 745 minor
492 706 561 746 est
582 701 672 745 acri
693 700 837 748 laudis
859 716 1012 748 amore
1033 701 1176 748 dolor.
1414 700 1483 752 40

99 763 258 812 Talis
284 764 411 826 apud
432 763 617 827 TroJam
641 763 821 811 Danais
841 780 925 829 pro
947 768 1136 813 navibus
1156 766 1280 830 AJax

185 828 393 875 Dicitur
417 828 672 877 Hectoreas
695 831 960 878 sustinuisse
979 831 1116 879 faces.

111 894 201 943 Ut
221 891 419 956 propius
444 902 628 941 ventum
646 905 727 950 est,
752 896 1019 959 admotaque
1036 897 1224 945 dextera
1236 897 1422 951 dextrae,

190 958 396 1020 Resque
416 959 515 1007 fero
535 961 683 1022 potuit
701 962 906 1009 cominus
928 977 1037 1010 ense
1056 963 1185 1025 geri;

118 1024 315 1073 Dicere
336 1022 518 1071 difficile
539 1032 621 1080 est,
644 1027 752 1086 quid
774 1026 905 1073 Mars
928 1035 1033 1075 tuus
1054 1029 1201 1090 egerit
1220 1027 1326 1082 ime,
1466 1067 1473 1073 .

198 1088 425 1150 Quotque
446 1090 548 1137 neci
568 1091 754 1146 dederis,
778 1107 993 1152 quosque,
1017 1095 1264 1155 quibusque
1285 1092 1448 1140 modis.

124 1154 269 1204 Ense
291 1163 374 1201 tuo
395 1154 540 1202 factos
561 1156 763 1203 calcabas
783 1157 929 1202 victor
951 1172 1170 1214 acervos;

201 1217 519 1281 Impositoque
540 1220 689 1267 Getes
711 1221 793 1266 sub
812 1221 928 1280 pede
949 1222 1118 1266 multus
1140 1228 1250 1267 erat.

132 1284 182 1333 P
283 1291 330 1331 at
351 1285 407 1331 ad
428 1286 684 1347 exemplum
702 1283 845 1331 Primi
867 1284 1017 1330 minor
1038 1285 1195 1330 ordine
1217 1284 1306 1330 Pili
1320 1302 1336 1332 z

269 1350 449 1411 ultaque
467 1350 556 1396 fert
576 1349 706 1395 miles
727 1348 927 1403 vulnera,
950 1348 1095 1395 multa
1114 1347 1238 1395 facit.
1415 1351 1482 1396 50

141 1415 241 1465 sed
261 1422 435 1463 tantum
458 1415 602 1461 'virtus
624 1414 735 1460 alios
755 1421 835 1459 tua
855 1414 1057 1475 praeterit
1077 1428 1249 1468 omnes,

212 1480 338 1529 Ante
358 1481 471 1527 citos
491 1481 708 1542 quantuni
733 1476 940 1541 Pegasus
959 1479 1052 1528 ibat
1072 1495 1228 1556 equos.

144 1545 360 1594 Vincitur
380 1543 655 1608 AEgypsos3
689 1551 941 1605 testataque
960 1551 1139 1607 tempus
1159 1546 1206 1590 in
1229 1558 1366 1592 omne

214 1611 331 1661 Sunt
351 1618 439 1670 tua,
464 1578 679 1665 Vestali's,
704 1610 902 1658 carmine
921 1609 1043 1659 facta
1063 1625 1183 1659 meo.

548 1806 891 1856 EPISTOLA
924 1804 1071 1857 VIII.

717 1953 919 1987 suumo-

169 2069 347 2117 Lruu
368 2083 464 2115 sera
482 2068 676 2129 quidem,
701 2070 870 2116 studiis
883 2069 1065 2116 exculte
1088 2067 1234 2125 suillis

231 2133 333 2181 Huc
352 2140 427 2180 tua
444 2135 663 2195 pervenit,
686 2135 765 2182 sed
786 2136 895 2182 mihi
918 2141 1049 2198 grata
1068 2141 1253 2185 tamen.

175 2198 283 2256 Qua,
302 2200 369 2268 pia
388 2199 425 2245 si
444 2200 587 2260 possit
611 2198 808 2262 Superos
829 2201 971 2247 lenire
993 2200 1196 2262 rogando

235 2256 390 2320 Gratia,
411 2264 606 2311 laturum
628 2271 674 2311 te
695 2265 805 2312 mibi
823 2265 937 2311 dicis
959 2281 1106 2327 opem.
1174 2273 1178 2280 '
1212 2308 1217 2314 .

133 2328 276 2378 'Ut
258 2344 345 2392 Jam
365 2329 426 2375 nil
446 2337 647 2390 praestes,
672 2330 806 2376 animi
832 2346 932 2376 sum
954 2330 1100 2377 factus
1116 2329 1250 2376 amici

236 2393 444 2451 Debitor;
476 2401 523 2440 et
543 2395 767 2449 meritum,
791 2395 944 2442 velle
921 2411 1099 2457 juvare,
1121 2398 1255 2441 vooot

181 2458 365 2522 Impetus
381 2459 465 2506 iste
486 2467 591 2505 tuus
612 2459 801 2521 longum
824 2458 960 2506 modo
981 2461 1112 2506 duret
1131 2460 1180 2506 in
1202 2472 1383 2514 aevum3

169 2553 175 2561 ·
239 2523 359 2571 Neve
376 2524 501 2571 malis
520 2524 664 2587 pietas
687 2525 744 2570 sit
766 2531 846 2575 tua
864 2525 985 2571 lassa
1003 2526 1131 2572 meis.

184 2589 261 2640 Jus
280 2589 441 2650 aliquod
457 2588 629 2636 faciunt
650 2587 812 2636 adfinia
832 2590 1014 2637 vincula
1035 2591 1177 2653 nobis,

244 2654 351 2710 Quae
368 2668 537 2716 semper
555 2661 771 2704 maneant
790 2653 1040 2703 illabefacta
1060 2670 1232 2719 precor.
1428 2652 1491 2696 10
