<?xml version="1.0" encoding="UTF-8"?>
<!DOCTYPE html PUBLIC "-//W3C//DTD XHTML 1.0 Transitional//EN"
    "http://www.w3.org/TR/xhtml1/DTD/xhtml1-transitional.dtd">
<html xmlns="http://www.w3.org/1999/xhtml" xml:lang="en" lang="en">
 <head>
  <title>
</title>
<meta http-equiv="Content-Type" content="text/html;charset=utf-8" />
  <meta name='ocr-system' content='tesseract 3.04.00' />
  <meta name='ocr-capabilities' content='ocr_page ocr_carea ocr_par ocr_line ocrx_word'/>
</head>
<body>
  <div class='ocr_page' id='page_1' title='image "./povidiinasoniso01caregoog_0096.png"; bbox 0 0 1842 2966; ppageno 0'>
   <div class='ocr_carea' id='block_1_1' title="bbox 318 104 1321 160">
    <p class='ocr_par' dir='ltr' id='par_1_1' title="bbox 318 104 1321 160">
     <span class='ocr_line' id='line_1_1' title="bbox 318 104 1321 160; baseline -0.002 0"><span class='ocrx_word' id='word_1_1' title='bbox 318 114 384 160; x_wconf 78' lang='grc'><strong>86</strong></span> <span class='ocrx_word' id='word_1_2' title='bbox 660 108 719 156; x_wconf 88' lang='grc' dir='ltr'><strong>Ρ.</strong></span> <span class='ocrx_word' id='word_1_3' title='bbox 750 105 985 157; x_wconf 81' lang='lat' dir='ltr'><strong>ovum</strong></span> <span class='ocrx_word' id='word_1_4' title='bbox 1016 104 1321 158; x_wconf 83' lang='lat' dir='ltr'>NASONIS</span> 
     </span>
    </p>
   </div>
   <div class='ocr_carea' id='block_1_2' title="bbox 288 234 1690 2665">
    <p class='ocr_par' dir='ltr' id='par_1_2' title="bbox 288 234 1690 2665">
     <span class='ocr_line' id='line_1_2' title="bbox 318 234 1626 303; baseline -0.001 -15"><span class='ocrx_word' id='word_1_5' title='bbox 318 238 460 288; x_wconf 84' lang='lat' dir='ltr'><strong>Hanc</strong></span> <span class='ocrx_word' id='word_1_6' title='bbox 480 240 708 302; x_wconf 82' lang='lat' dir='ltr'><strong>quondam</strong></span> <span class='ocrx_word' id='word_1_7' title='bbox 733 234 966 301; x_wconf 78' lang='lat' dir='ltr'><strong>Cytherea</strong></span> <span class='ocrx_word' id='word_1_8' title='bbox 985 240 1105 287; x_wconf 87' lang='lat' dir='ltr'><strong>diem</strong></span> <span class='ocrx_word' id='word_1_9' title='bbox 1125 238 1442 303; x_wconf 69' lang='lat' dir='ltr'><strong>properantius</strong></span> <span class='ocrx_word' id='word_1_10' title='bbox 1462 243 1544 290; x_wconf 80' lang='lat' dir='ltr'><strong>ire</strong></span> <span class='ocrx_word' id='word_1_11' title='bbox 1613 278 1626 287; x_wconf 83' lang='lat'>.</span> 
     </span>
     <span class='ocr_line' id='line_1_3' title="bbox 383 305 1356 368; baseline -0.002 -13"><span class='ocrx_word' id='word_1_12' title='bbox 383 305 543 360; x_wconf 77' lang='lat' dir='ltr'><strong>Jussit,</strong></span> <span class='ocrx_word' id='word_1_13' title='bbox 567 313 614 353; x_wconf 90' lang='lat' dir='ltr'><strong>et</strong></span> <span class='ocrx_word' id='word_1_14' title='bbox 635 307 846 353; x_wconf 70' lang='lat' dir='ltr'><strong>aetherios</strong></span> <span class='ocrx_word' id='word_1_15' title='bbox 864 307 1166 368; x_wconf 76' lang='lat' dir='ltr'><strong>praecipitavit</strong></span> <span class='ocrx_word' id='word_1_16' title='bbox 1187 321 1328 367; x_wconf 87' lang='lat' dir='ltr'><strong>equos</strong></span> <span class='ocrx_word' id='word_1_17' title='bbox 1340 324 1356 364; x_wconf 91' lang='lat'>;</span> 
     </span>
     <span class='ocr_line' id='line_1_4' title="bbox 319 369 1534 434; baseline 0.002 -15"><span class='ocrx_word' id='word_1_18' title='bbox 319 371 394 419; x_wconf 88' lang='lat' dir='ltr'><strong>Ut</strong></span> <span class='ocrx_word' id='word_1_19' title='bbox 413 372 595 418; x_wconf 86' lang='lat' dir='ltr'><strong>titulum</strong></span> <span class='ocrx_word' id='word_1_20' title='bbox 618 372 793 434; x_wconf 88' lang='lat' dir='ltr'><strong>imperii</strong></span> <span class='ocrx_word' id='word_1_21' title='bbox 814 371 950 434; x_wconf 70' lang='lat' dir='ltr'><strong>quam</strong></span> <span class='ocrx_word' id='word_1_22' title='bbox 970 369 1167 434; x_wconf 76' lang='lat' dir='ltr'><strong>primum</strong></span> <span class='ocrx_word' id='word_1_23' title='bbox 1187 372 1291 419; x_wconf 85' lang='lat' dir='ltr'><strong>luce</strong></span> <span class='ocrx_word' id='word_1_24' title='bbox 1313 374 1534 434; x_wconf 78' lang='lat' dir='ltr'><strong>sequenti</strong></span> 
     </span>
     <span class='ocr_line' id='line_1_5' title="bbox 384 437 1339 501; baseline 0 -17"><span class='ocrx_word' id='word_1_25' title='bbox 384 437 602 499; x_wconf 77' lang='lat' dir='ltr'><strong>Augusto</strong></span> <span class='ocrx_word' id='word_1_26' title='bbox 613 438 775 500; x_wconf 85' lang='lat' dir='ltr'><strong>juveni</strong></span> <span class='ocrx_word' id='word_1_27' title='bbox 794 453 1011 501; x_wconf 78' lang='lat' dir='ltr'><strong>prospera</strong></span> <span class='ocrx_word' id='word_1_28' title='bbox 1029 437 1146 483; x_wconf 88' lang='lat' dir='ltr'><strong>bella</strong></span> <span class='ocrx_word' id='word_1_29' title='bbox 1165 438 1339 484; x_wconf 84' lang='lat' dir='ltr'><strong>darent.</strong></span> 
     </span>
     <span class='ocr_line' id='line_1_6' title="bbox 321 501 1461 565; baseline -0.001 -14"><span class='ocrx_word' id='word_1_30' title='bbox 321 501 422 551; x_wconf 74' lang='lat' dir='ltr'><strong>Su&gt;</strong></span> <span class='ocrx_word' id='word_1_31' title='bbox 433 504 533 565; x_wconf 86' lang='lat' dir='ltr'><strong>jam</strong></span> <span class='ocrx_word' id='word_1_32' title='bbox 553 502 807 565; x_wconf 84' lang='lat' dir='ltr'><strong>praeteritas</strong></span> <span class='ocrx_word' id='word_1_33' title='bbox 828 509 1017 565; x_wconf 85' lang='lat' dir='ltr'><strong>quartus</strong></span> <span class='ocrx_word' id='word_1_34' title='bbox 1030 503 1109 548; x_wconf 87' lang='lat' dir='ltr'><strong>tibi</strong></span> <span class='ocrx_word' id='word_1_35' title='bbox 1135 501 1320 549; x_wconf 84' lang='lat' dir='ltr'><strong>Lucifer</strong></span> <span class='ocrx_word' id='word_1_36' title='bbox 1344 501 1461 550; x_wconf 85' lang='lat' dir='ltr'><strong>Idus</strong></span> 
     </span>
     <span class='ocr_line' id='line_1_7' title="bbox 385 566 1535 631; baseline 0 -16"><span class='ocrx_word' id='word_1_37' title='bbox 385 567 608 631; x_wconf 83' lang='lat' dir='ltr'><strong>Respicit.</strong></span> <span class='ocrx_word' id='word_1_38' title='bbox 643 567 750 615; x_wconf 62' lang='lat' dir='ltr'><strong>Hac</strong></span> <span class='ocrx_word' id='word_1_39' title='bbox 774 568 969 629; x_wconf 79' lang='lat' dir='ltr'><strong>Hyades</strong></span> <span class='ocrx_word' id='word_1_40' title='bbox 991 566 1171 615; x_wconf 85' lang='lat' dir='ltr'><strong>Dorida</strong></span> <span class='ocrx_word' id='word_1_41' title='bbox 1192 575 1326 615; x_wconf 87' lang='lat' dir='ltr'><strong>nocte</strong></span> <span class='ocrx_word' id='word_1_42' title='bbox 1346 574 1535 630; x_wconf 84' lang='lat' dir='ltr'><strong>petunt.</strong></span> 
     </span>
     <span class='ocr_line' id='line_1_8' title="bbox 317 631 1558 698; baseline -0.001 -17"><span class='ocrx_word' id='word_1_43' title='bbox 317 631 514 681; x_wconf 64' lang='lat' dir='ltr'><strong>Tuum</strong></span> <span class='ocrx_word' id='word_1_44' title='bbox 535 642 640 698; x_wconf 85' lang='lat' dir='ltr'><strong>post</strong></span> <span class='ocrx_word' id='word_1_45' title='bbox 661 633 855 695; x_wconf 81' lang='lat' dir='ltr'><strong>Hyadas</strong></span> <span class='ocrx_word' id='word_1_46' title='bbox 877 631 982 679; x_wconf 68' lang='lat' dir='ltr'><strong>cum</strong></span> <span class='ocrx_word' id='word_1_47' title='bbox 1001 633 1085 679; x_wconf 89' lang='lat' dir='ltr'><strong>lux</strong></span> <span class='ocrx_word' id='word_1_48' title='bbox 1106 633 1194 680; x_wconf 88' lang='lat' dir='ltr'><strong>erit</strong></span> <span class='ocrx_word' id='word_1_49' title='bbox 1214 640 1315 680; x_wconf 85' lang='lat' dir='ltr'><strong>orta</strong></span> <span class='ocrx_word' id='word_1_50' title='bbox 1333 636 1558 690; x_wconf 73' lang='lat' dir='ltr'><strong>remotas,</strong></span> 
     </span>
     <span class='ocr_line' id='line_1_9' title="bbox 386 696 1690 761; baseline -0.002 -13"><span class='ocrx_word' id='word_1_51' title='bbox 386 697 583 748; x_wconf 90' lang='lat' dir='ltr'><strong>Carcere</strong></span> <span class='ocrx_word' id='word_1_52' title='bbox 603 701 793 761; x_wconf 85' lang='lat' dir='ltr'><strong>partitos</strong></span> <span class='ocrx_word' id='word_1_53' title='bbox 818 696 984 746; x_wconf 85' lang='lat' dir='ltr'>Circus</span> <span class='ocrx_word' id='word_1_54' title='bbox 1005 699 1183 745; x_wconf 89' lang='lat' dir='ltr'><strong>habebit</strong></span> <span class='ocrx_word' id='word_1_55' title='bbox 1202 714 1359 759; x_wconf 87' lang='lat' dir='ltr'><strong>equos.</strong></span> <span class='ocrx_word' id='word_1_56' title='bbox 1572 703 1690 748; x_wconf 88' lang='lat'><strong>680</strong></span> 
     </span>
     <span class='ocr_line' id='line_1_10' title="bbox 320 762 1317 828; baseline -0.004 -13"><span class='ocrx_word' id='word_1_57' title='bbox 320 762 420 819; x_wconf 80' lang='lat' dir='ltr'><strong>Cur</strong></span> <span class='ocrx_word' id='word_1_58' title='bbox 440 766 581 828; x_wconf 87' lang='lat' dir='ltr'><strong>igitur</strong></span> <span class='ocrx_word' id='word_1_59' title='bbox 600 765 756 811; x_wconf 78' lang='lat' dir='ltr'><strong>missae</strong></span> <span class='ocrx_word' id='word_1_60' title='bbox 774 764 943 809; x_wconf 86' lang='lat' dir='ltr'><strong>vinctis</strong></span> <span class='ocrx_word' id='word_1_61' title='bbox 963 763 1166 811; x_wconf 86' lang='lat' dir='ltr'><strong>ardentia</strong></span> <span class='ocrx_word' id='word_1_62' title='bbox 1185 765 1317 811; x_wconf 79' lang='lat' dir='ltr'><strong>taedis</strong></span> 
     </span>
     <span class='ocr_line' id='line_1_11' title="bbox 382 828 1470 893; baseline -0.002 -15"><span class='ocrx_word' id='word_1_63' title='bbox 382 828 539 893; x_wconf 83' lang='lat' dir='ltr'>Terga</span> <span class='ocrx_word' id='word_1_64' title='bbox 557 828 706 876; x_wconf 87' lang='lat' dir='ltr'><strong>ferant</strong></span> <span class='ocrx_word' id='word_1_65' title='bbox 725 828 899 892; x_wconf 81' lang='lat' dir='ltr'><strong>vulpes,</strong></span> <span class='ocrx_word' id='word_1_66' title='bbox 917 844 1078 875; x_wconf 77' lang='lat' dir='ltr'><strong>caussa</strong></span> <span class='ocrx_word' id='word_1_67' title='bbox 1096 829 1300 876; x_wconf 84' lang='lat' dir='ltr'><strong>docenda</strong></span> <span class='ocrx_word' id='word_1_68' title='bbox 1317 829 1448 876; x_wconf 79' lang='lat' dir='ltr'><strong>mihi.</strong></span> <span class='ocrx_word' id='word_1_69' title='bbox 1465 860 1470 865; x_wconf 87' lang='lat'>·</span> 
     </span>
     <span class='ocr_line' id='line_1_12' title="bbox 321 892 1366 958; baseline -0.003 -14"><span class='ocrx_word' id='word_1_70' title='bbox 321 894 509 958; x_wconf 73' lang='lat' dir='ltr'><strong>Frigida</strong></span> <span class='ocrx_word' id='word_1_71' title='bbox 530 892 751 948; x_wconf 78' lang='lat' dir='ltr'>Carseoli,</span> <span class='ocrx_word' id='word_1_72' title='bbox 774 909 861 940; x_wconf 89' lang='lat' dir='ltr'><strong>nec</strong></span> <span class='ocrx_word' id='word_1_73' title='bbox 876 894 1011 941; x_wconf 87' lang='lat' dir='ltr'><strong>olivis</strong></span> <span class='ocrx_word' id='word_1_74' title='bbox 1031 900 1137 957; x_wconf 87' lang='lat' dir='ltr'><strong>apta</strong></span> <span class='ocrx_word' id='word_1_75' title='bbox 1157 894 1366 950; x_wconf 82' lang='lat' dir='ltr'><strong>ferendis,</strong></span> 
     </span>
     <span class='ocr_line' id='line_1_13' title="bbox 383 959 1362 1022; baseline 0.001 -16"><span class='ocrx_word' id='word_1_76' title='bbox 383 959 544 1015; x_wconf 87' lang='lat' dir='ltr'><strong>Terra,</strong></span> <span class='ocrx_word' id='word_1_77' title='bbox 562 959 642 1006; x_wconf 88' lang='lat' dir='ltr'><strong>sed</strong></span> <span class='ocrx_word' id='word_1_78' title='bbox 663 960 725 1005; x_wconf 86' lang='lat' dir='ltr'><strong>ad</strong></span> <span class='ocrx_word' id='word_1_79' title='bbox 743 967 925 1022; x_wconf 83' lang='lat' dir='ltr'><strong>segetes</strong></span> <span class='ocrx_word' id='word_1_80' title='bbox 943 959 1212 1021; x_wconf 75' lang='lat' dir='ltr'><strong>ingeniosus</strong></span> <span class='ocrx_word' id='word_1_81' title='bbox 1232 975 1362 1022; x_wconf 69' lang='lat' dir='ltr'><strong>agen,</strong></span> 
     </span>
     <span class='ocr_line' id='line_1_14' title="bbox 320 1022 1388 1087; baseline 0 -15"><span class='ocrx_word' id='word_1_82' title='bbox 320 1022 430 1072; x_wconf 65' lang='lat' dir='ltr'><strong>Hac</strong></span> <span class='ocrx_word' id='word_1_83' title='bbox 451 1039 542 1087; x_wconf 90' lang='lat' dir='ltr'><strong>ego</strong></span> <span class='ocrx_word' id='word_1_84' title='bbox 564 1023 798 1087; x_wconf 73' lang='lat' dir='ltr'><strong>Pelignus,</strong></span> <span class='ocrx_word' id='word_1_85' title='bbox 821 1025 987 1072; x_wconf 86' lang='lat' dir='ltr'><strong>natalia</strong></span> <span class='ocrx_word' id='word_1_86' title='bbox 1007 1040 1123 1081; x_wconf 85' lang='lat' dir='ltr'><strong>rura,</strong></span> <span class='ocrx_word' id='word_1_87' title='bbox 1146 1027 1388 1087; x_wconf 75' lang='lat' dir='ltr'><strong>petebam3</strong></span> 
     </span>
     <span class='ocr_line' id='line_1_15' title="bbox 386 1087 1397 1153; baseline 0.001 -16"><span class='ocrx_word' id='word_1_88' title='bbox 386 1087 553 1144; x_wconf 84' lang='lat' dir='ltr'><strong>Parva,</strong></span> <span class='ocrx_word' id='word_1_89' title='bbox 572 1090 656 1136; x_wconf 84' lang='lat' dir='ltr'><strong>sed</strong></span> <span class='ocrx_word' id='word_1_90' title='bbox 677 1090 875 1137; x_wconf 83' lang='lat' dir='ltr'><strong>adsiduis</strong></span> <span class='ocrx_word' id='word_1_91' title='bbox 897 1090 1035 1137; x_wconf 85' lang='lat' dir='ltr'><strong>uvida</strong></span> <span class='ocrx_word' id='word_1_92' title='bbox 1055 1105 1232 1153; x_wconf 84' lang='lat' dir='ltr'><strong>semper</strong></span> <span class='ocrx_word' id='word_1_93' title='bbox 1254 1091 1397 1152; x_wconf 85' lang='lat' dir='ltr'><strong>aquis.</strong></span> 
     </span>
     <span class='ocr_line' id='line_1_16' title="bbox 323 1153 1363 1217; baseline 0.001 -15"><span class='ocrx_word' id='word_1_94' title='bbox 323 1153 538 1217; x_wconf 81' lang='lat' dir='ltr'><strong>Hospitis</strong></span> <span class='ocrx_word' id='word_1_95' title='bbox 560 1156 731 1216; x_wconf 83' lang='lat' dir='ltr'><strong>antiqui</strong></span> <span class='ocrx_word' id='word_1_96' title='bbox 755 1156 911 1203; x_wconf 84' lang='lat' dir='ltr'><strong>solitas</strong></span> <span class='ocrx_word' id='word_1_97' title='bbox 933 1156 1203 1203; x_wconf 83' lang='lat' dir='ltr'><strong>intravimus</strong></span> <span class='ocrx_word' id='word_1_98' title='bbox 1226 1157 1363 1204; x_wconf 71' lang='lat' dir='ltr'><strong>aedes.</strong></span> 
     </span>
     <span class='ocr_line' id='line_1_17' title="bbox 385 1218 1486 1284; baseline 0.001 -15"><span class='ocrx_word' id='word_1_99' title='bbox 385 1218 634 1269; x_wconf 84' lang='lat' dir='ltr'><strong>Demserat</strong></span> <span class='ocrx_word' id='word_1_100' title='bbox 652 1222 852 1269; x_wconf 85' lang='lat' dir='ltr'><strong>emeritis</strong></span> <span class='ocrx_word' id='word_1_101' title='bbox 863 1224 963 1284; x_wconf 87' lang='lat' dir='ltr'><strong>jam</strong></span> <span class='ocrx_word' id='word_1_102' title='bbox 976 1223 1097 1284; x_wconf 86' lang='lat' dir='ltr'><strong>juga</strong></span> <span class='ocrx_word' id='word_1_103' title='bbox 1118 1221 1323 1269; x_wconf 84' lang='lat' dir='ltr'><strong>Phoebus</strong></span> <span class='ocrx_word' id='word_1_104' title='bbox 1342 1220 1486 1284; x_wconf 85' lang='lat' dir='ltr'><strong>equis.</strong></span> 
     </span>
     <span class='ocr_line' id='line_1_18' title="bbox 320 1283 1648 1349; baseline 0 -16"><span class='ocrx_word' id='word_1_105' title='bbox 320 1283 372 1333; x_wconf 80' lang='lat' dir='ltr'><strong>Is</strong></span> <span class='ocrx_word' id='word_1_106' title='bbox 395 1287 506 1332; x_wconf 91' lang='lat' dir='ltr'><strong>mihi</strong></span> <span class='ocrx_word' id='word_1_107' title='bbox 527 1286 671 1334; x_wconf 88' lang='lat' dir='ltr'><strong>multa</strong></span> <span class='ocrx_word' id='word_1_108' title='bbox 689 1288 889 1349; x_wconf 60' lang='lat' dir='ltr'><strong>quidem</strong></span> <span class='ocrx_word' id='word_1_109' title='bbox 907 1287 988 1335; x_wconf 83' lang='lat' dir='ltr'><strong>sed</strong></span> <span class='ocrx_word' id='word_1_110' title='bbox 1009 1294 1057 1333; x_wconf 87' lang='lat' dir='ltr'><strong>et</strong></span> <span class='ocrx_word' id='word_1_111' title='bbox 1072 1288 1186 1342; x_wconf 86' lang='lat' dir='ltr'><strong>haec,</strong></span> <span class='ocrx_word' id='word_1_112' title='bbox 1209 1301 1391 1335; x_wconf 80' lang='lat' dir='ltr'><strong>narrare</strong></span> <span class='ocrx_word' id='word_1_113' title='bbox 1413 1287 1648 1348; x_wconf 77' lang='lat' dir='ltr'><strong>solebat3.</strong></span> 
     </span>
     <span class='ocr_line' id='line_1_19' title="bbox 388 1349 1674 1415; baseline 0.004 -17"><span class='ocrx_word' id='word_1_114' title='bbox 388 1349 528 1399; x_wconf 84' lang='lat' dir='ltr'><strong>Unde</strong></span> <span class='ocrx_word' id='word_1_115' title='bbox 547 1367 700 1400; x_wconf 89' lang='lat' dir='ltr'><strong>meum</strong></span> <span class='ocrx_word' id='word_1_116' title='bbox 721 1369 925 1415; x_wconf 86' lang='lat' dir='ltr'><strong>praesens</strong></span> <span class='ocrx_word' id='word_1_117' title='bbox 946 1354 1243 1400; x_wconf 85' lang='lat' dir='ltr'><strong>instrueretur</strong></span> <span class='ocrx_word' id='word_1_118' title='bbox 1266 1369 1406 1415; x_wconf 76' lang='lat' dir='ltr'><strong>opus:</strong></span> <span class='ocrx_word' id='word_1_119' title='bbox 1571 1359 1674 1405; x_wconf 87' lang='grc'><strong>690</strong></span> 
     </span>
     <span class='ocr_line' id='line_1_20' title="bbox 322 1415 1612 1485; baseline 0.005 -21"><span class='ocrx_word' id='word_1_120' title='bbox 322 1415 446 1473; x_wconf 80' lang='lat' dir='ltr'><strong>Hoc,</strong></span> <span class='ocrx_word' id='word_1_121' title='bbox 470 1418 548 1473; x_wconf 88' lang='lat' dir='ltr'><strong>ait,</strong></span> <span class='ocrx_word' id='word_1_122' title='bbox 571 1419 618 1465; x_wconf 89' lang='lat' dir='ltr'><strong>in</strong></span> <span class='ocrx_word' id='word_1_123' title='bbox 640 1434 801 1482; x_wconf 84' lang='lat' dir='ltr'><strong>campo</strong></span> <span class='ocrx_word' id='word_1_124' title='bbox 825 1420 1148 1485; x_wconf 87' lang='lat' dir='ltr'><strong>(campumque</strong></span> <span class='ocrx_word' id='word_1_125' title='bbox 1169 1416 1390 1480; x_wconf 83' lang='lat' dir='ltr'><strong>ostendit)</strong></span> <span class='ocrx_word' id='word_1_126' title='bbox 1414 1419 1612 1469; x_wconf 76' lang='lat' dir='ltr'><strong>habebat</strong></span> 
     </span>
     <span class='ocr_line' id='line_1_21' title="bbox 385 1482 1381 1548; baseline 0.002 -17"><span class='ocrx_word' id='word_1_127' title='bbox 385 1482 490 1531; x_wconf 86' lang='lat' dir='ltr'><strong>Rus</strong></span> <span class='ocrx_word' id='word_1_128' title='bbox 510 1486 649 1532; x_wconf 84' lang='lat' dir='ltr'><strong>breve</strong></span> <span class='ocrx_word' id='word_1_129' title='bbox 670 1501 774 1532; x_wconf 89' lang='lat' dir='ltr'><strong>cum</strong></span> <span class='ocrx_word' id='word_1_130' title='bbox 797 1487 912 1533; x_wconf 90' lang='lat' dir='ltr'><strong>duro</strong></span> <span class='ocrx_word' id='word_1_131' title='bbox 932 1500 1070 1548; x_wconf 84' lang='lat' dir='ltr'><strong>parca</strong></span> <span class='ocrx_word' id='word_1_132' title='bbox 1084 1485 1247 1532; x_wconf 87' lang='lat' dir='ltr'><strong>colona</strong></span> <span class='ocrx_word' id='word_1_133' title='bbox 1266 1486 1381 1533; x_wconf 83' lang='lat' dir='ltr'><strong>viro.</strong></span> 
     </span>
     <span class='ocr_line' id='line_1_22' title="bbox 323 1546 1506 1612; baseline 0.003 -16"><span class='ocrx_word' id='word_1_134' title='bbox 323 1546 411 1597; x_wconf 87' lang='lat' dir='ltr'><strong>Ille</strong></span> <span class='ocrx_word' id='word_1_135' title='bbox 432 1565 560 1597; x_wconf 78' lang='lat' dir='ltr'><strong>suam</strong></span> <span class='ocrx_word' id='word_1_136' title='bbox 580 1552 825 1612; x_wconf 81' lang='lat' dir='ltr'><strong>peragebat</strong></span> <span class='ocrx_word' id='word_1_137' title='bbox 843 1552 1061 1597; x_wconf 71' lang='lat' dir='ltr'><strong>humanu</strong></span> <span class='ocrx_word' id='word_1_138' title='bbox 1102 1551 1201 1597; x_wconf 78' lang='lat' dir='ltr'><strong>sive</strong></span> <span class='ocrx_word' id='word_1_139' title='bbox 1222 1566 1332 1599; x_wconf 86' lang='lat' dir='ltr'><strong>usus</strong></span> <span class='ocrx_word' id='word_1_140' title='bbox 1352 1552 1506 1610; x_wconf 75' lang='lat' dir='ltr'><strong>aratri,</strong></span> 
     </span>
     <span class='ocr_line' id='line_1_23' title="bbox 388 1614 1436 1670; baseline 0.001 -7"><span class='ocrx_word' id='word_1_141' title='bbox 388 1614 498 1664; x_wconf 77' lang='lat' dir='ltr'><strong>Sive</strong></span> <span class='ocrx_word' id='word_1_142' title='bbox 520 1630 646 1662; x_wconf 85' lang='lat' dir='ltr'><strong>cavae</strong></span> <span class='ocrx_word' id='word_1_143' title='bbox 667 1615 810 1670; x_wconf 85' lang='lat' dir='ltr'><strong>falcis,</strong></span> <span class='ocrx_word' id='word_1_144' title='bbox 833 1617 931 1662; x_wconf 84' lang='lat' dir='ltr'><strong>sive</strong></span> <span class='ocrx_word' id='word_1_145' title='bbox 951 1615 1145 1662; x_wconf 86' lang='lat' dir='ltr'><strong>bidentis</strong></span> <span class='ocrx_word' id='word_1_146' title='bbox 1165 1624 1276 1664; x_wconf 83' lang='lat' dir='ltr'><strong>erat.</strong></span> <span class='ocrx_word' id='word_1_147' title='bbox 1427 1645 1436 1654; x_wconf 88' lang='lat'>-</span> 
     </span>
     <span class='ocr_line' id='line_1_24' title="bbox 323 1676 1467 1731; baseline 0.004 -5"><span class='ocrx_word' id='word_1_148' title='bbox 323 1678 447 1728; x_wconf 88' lang='lat' dir='ltr'><strong>Haec</strong></span> <span class='ocrx_word' id='word_1_149' title='bbox 469 1676 606 1727; x_wconf 68' lang='lat' dir='ltr'><strong>modo</strong></span> <span class='ocrx_word' id='word_1_150' title='bbox 627 1681 835 1727; x_wconf 87' lang='lat' dir='ltr'><strong>verrebat</strong></span> <span class='ocrx_word' id='word_1_151' title='bbox 856 1685 1051 1727; x_wconf 85' lang='lat' dir='ltr'><strong>stantem</strong></span> <span class='ocrx_word' id='word_1_152' title='bbox 1074 1681 1260 1729; x_wconf 78' lang='lat' dir='ltr'><strong>tibicine</strong></span> <span class='ocrx_word' id='word_1_153' title='bbox 1278 1680 1437 1730; x_wconf 81' lang='lat' dir='ltr'><strong>villam</strong></span> <span class='ocrx_word' id='word_1_154' title='bbox 1451 1699 1467 1731; x_wconf 67' lang='grc' dir='ltr'><strong>ι</strong></span> 
     </span>
     <span class='ocr_line' id='line_1_25' title="bbox 387 1744 1384 1806; baseline 0.003 -14"><span class='ocrx_word' id='word_1_155' title='bbox 387 1744 531 1793; x_wconf 89' lang='lat' dir='ltr'><strong>Nunc</strong></span> <span class='ocrx_word' id='word_1_156' title='bbox 549 1745 707 1792; x_wconf 84' lang='lat' dir='ltr'><strong>matris</strong></span> <span class='ocrx_word' id='word_1_157' title='bbox 727 1745 895 1806; x_wconf 83' lang='lat' dir='ltr'><strong>plumis</strong></span> <span class='ocrx_word' id='word_1_158' title='bbox 911 1761 1002 1793; x_wconf 86' lang='lat' dir='ltr'><strong>ova</strong></span> <span class='ocrx_word' id='word_1_159' title='bbox 1019 1744 1217 1794; x_wconf 81' lang='lat' dir='ltr'><strong>fovenda</strong></span> <span class='ocrx_word' id='word_1_160' title='bbox 1238 1747 1384 1795; x_wconf 77' lang='lat' dir='ltr'><strong>dabat.</strong></span> 
     </span>
     <span class='ocr_line' id='line_1_26' title="bbox 321 1810 1468 1876; baseline 0.003 -18"><span class='ocrx_word' id='word_1_161' title='bbox 321 1810 423 1859; x_wconf 87' lang='lat' dir='ltr'><strong>Aut</strong></span> <span class='ocrx_word' id='word_1_162' title='bbox 436 1810 607 1858; x_wconf 83' lang='lat' dir='ltr'><strong>virides</strong></span> <span class='ocrx_word' id='word_1_163' title='bbox 623 1811 809 1866; x_wconf 87' lang='lat' dir='ltr'><strong>malvas,</strong></span> <span class='ocrx_word' id='word_1_164' title='bbox 832 1818 910 1858; x_wconf 88' lang='lat' dir='ltr'><strong>aut</strong></span> <span class='ocrx_word' id='word_1_165' title='bbox 929 1811 1099 1874; x_wconf 84' lang='lat' dir='ltr'><strong>fungos</strong></span> <span class='ocrx_word' id='word_1_166' title='bbox 1119 1812 1297 1876; x_wconf 83' lang='lat' dir='ltr'><strong>colligit</strong></span> <span class='ocrx_word' id='word_1_167' title='bbox 1317 1814 1468 1862; x_wconf 71' lang='lat' dir='ltr'><strong>albon</strong></span> 
     </span>
     <span class='ocr_line' id='line_1_27' title="bbox 387 1876 1406 1941; baseline 0.004 -18"><span class='ocrx_word' id='word_1_168' title='bbox 387 1876 489 1923; x_wconf 86' lang='lat' dir='ltr'><strong>Aut</strong></span> <span class='ocrx_word' id='word_1_169' title='bbox 508 1876 725 1923; x_wconf 88' lang='lat' dir='ltr'><strong>humilem</strong></span> <span class='ocrx_word' id='word_1_170' title='bbox 745 1883 880 1938; x_wconf 79' lang='lat' dir='ltr'><strong>grato</strong></span> <span class='ocrx_word' id='word_1_171' title='bbox 902 1876 1082 1925; x_wconf 82' lang='lat' dir='ltr'><strong>calfacit</strong></span> <span class='ocrx_word' id='word_1_172' title='bbox 1104 1878 1213 1941; x_wconf 88' lang='lat' dir='ltr'><strong>igue</strong></span> <span class='ocrx_word' id='word_1_173' title='bbox 1235 1877 1406 1927; x_wconf 78' lang='lat' dir='ltr'><strong>focum.</strong></span> 
     </span>
     <span class='ocr_line' id='line_1_28' title="bbox 321 1933 1640 2001; baseline 0.002 -11"><span class='ocrx_word' id='word_1_174' title='bbox 321 1940 392 1990; x_wconf 90' lang='lat' dir='ltr'><strong>Et</strong></span> <span class='ocrx_word' id='word_1_175' title='bbox 412 1948 565 1989; x_wconf 84' lang='lat' dir='ltr'><strong>tamen</strong></span> <span class='ocrx_word' id='word_1_176' title='bbox 586 1941 784 1989; x_wconf 81' lang='lat' dir='ltr'><strong>adsiduis</strong></span> <span class='ocrx_word' id='word_1_177' title='bbox 804 1950 989 1990; x_wconf 81' lang='lat' dir='ltr'><strong>exercet</strong></span> <span class='ocrx_word' id='word_1_178' title='bbox 1007 1943 1192 1990; x_wconf 79' lang='lat' dir='ltr'><strong>brachia</strong></span> <span class='ocrx_word' id='word_1_179' title='bbox 1211 1933 1340 2001; x_wconf 64' lang='lat' dir='ltr'><strong>telis}</strong></span> <span class='ocrx_word' id='word_1_180' title='bbox 1635 1987 1640 1992; x_wconf 95' lang='lat'>.</span> 
     </span>
     <span class='ocr_line' id='line_1_29' title="bbox 386 2007 1666 2073; baseline 0.007 -20"><span class='ocrx_word' id='word_1_181' title='bbox 386 2007 735 2070; x_wconf 70' lang='lat' dir='ltr'><strong>Adversumque</strong></span> <span class='ocrx_word' id='word_1_182' title='bbox 755 2008 901 2062; x_wconf 82' lang='lat' dir='ltr'><strong>minas</strong></span> <span class='ocrx_word' id='word_1_183' title='bbox 921 2009 1107 2072; x_wconf 80' lang='lat' dir='ltr'><strong>frigoris</strong></span> <span class='ocrx_word' id='word_1_184' title='bbox 1126 2024 1253 2057; x_wconf 87' lang='lat' dir='ltr'><strong>arma</strong></span> <span class='ocrx_word' id='word_1_185' title='bbox 1271 2017 1415 2073; x_wconf 83' lang='lat' dir='ltr'><strong>parat.</strong></span> <span class='ocrx_word' id='word_1_186' title='bbox 1567 2013 1666 2062; x_wconf 82' lang='lat'><strong>700</strong></span> 
     </span>
     <span class='ocr_line' id='line_1_30' title="bbox 320 2071 1341 2137; baseline 0.002 -16"><span class='ocrx_word' id='word_1_187' title='bbox 320 2071 468 2121; x_wconf 82' lang='lat' dir='ltr'><strong>Filius</strong></span> <span class='ocrx_word' id='word_1_188' title='bbox 488 2073 621 2135; x_wconf 77' lang='lat' dir='ltr'><strong>huJus</strong></span> <span class='ocrx_word' id='word_1_189' title='bbox 642 2081 741 2120; x_wconf 86' lang='lat' dir='ltr'><strong>erat</strong></span> <span class='ocrx_word' id='word_1_190' title='bbox 758 2074 903 2137; x_wconf 87' lang='lat' dir='ltr'><strong>primo</strong></span> <span class='ocrx_word' id='word_1_191' title='bbox 925 2075 1121 2122; x_wconf 88' lang='lat' dir='ltr'><strong>lascivus</strong></span> <span class='ocrx_word' id='word_1_192' title='bbox 1141 2075 1190 2121; x_wconf 88' lang='lat' dir='ltr'><strong>in</strong></span> <span class='ocrx_word' id='word_1_193' title='bbox 1213 2090 1341 2133; x_wconf 57' lang='grc' dir='ltr'><strong>τῆνος</strong></span> 
     </span>
     <span class='ocr_line' id='line_1_31' title="bbox 388 2136 1400 2200; baseline 0.005 -17"><span class='ocrx_word' id='word_1_194' title='bbox 388 2136 729 2200; x_wconf 76' lang='lat' dir='ltr'><strong>Addideratque</strong></span> <span class='ocrx_word' id='word_1_195' title='bbox 750 2154 894 2186; x_wconf 80' lang='lat' dir='ltr'><strong>annos</strong></span> <span class='ocrx_word' id='word_1_196' title='bbox 915 2140 974 2186; x_wconf 90' lang='lat' dir='ltr'><strong>ad</strong></span> <span class='ocrx_word' id='word_1_197' title='bbox 994 2141 1086 2187; x_wconf 90' lang='lat' dir='ltr'><strong>duo</strong></span> <span class='ocrx_word' id='word_1_198' title='bbox 1105 2140 1251 2188; x_wconf 84' lang='lat' dir='ltr'><strong>lustra</strong></span> <span class='ocrx_word' id='word_1_199' title='bbox 1271 2140 1400 2189; x_wconf 85' lang='lat' dir='ltr'><strong>duos.</strong></span> 
     </span>
     <span class='ocr_line' id='line_1_32' title="bbox 288 2199 1370 2268; baseline 0.003 -18"><span class='ocrx_word' id='word_1_200' title='bbox 288 2217 299 2223; x_wconf 60' lang='grc'><em>“</em></span> <span class='ocrx_word' id='word_1_201' title='bbox 320 2199 375 2251; x_wconf 79' lang='lat' dir='ltr'><strong>Is</strong></span> <span class='ocrx_word' id='word_1_202' title='bbox 396 2204 517 2265; x_wconf 78' lang='lat' dir='ltr'><strong>capit</strong></span> <span class='ocrx_word' id='word_1_203' title='bbox 535 2202 729 2250; x_wconf 83' lang='lat' dir='ltr'><strong>extremi</strong></span> <span class='ocrx_word' id='word_1_204' title='bbox 746 2205 930 2268; x_wconf 82' lang='lat' dir='ltr'><strong>vulpem</strong></span> <span class='ocrx_word' id='word_1_205' title='bbox 953 2206 1036 2256; x_wconf 78' lang='lat' dir='ltr'><strong>sub</strong></span> <span class='ocrx_word' id='word_1_206' title='bbox 1055 2206 1175 2253; x_wconf 84' lang='lat' dir='ltr'><strong>valle</strong></span> <span class='ocrx_word' id='word_1_207' title='bbox 1196 2205 1370 2253; x_wconf 72' lang='lat' dir='ltr'><strong>salictiz</strong></span> 
     </span>
     <span class='ocr_line' id='line_1_33' title="bbox 388 2267 1305 2320; baseline 0.005 -5"><span class='ocrx_word' id='word_1_208' title='bbox 388 2267 653 2316; x_wconf 83' lang='lat' dir='ltr'><strong>Abstulerat</strong></span> <span class='ocrx_word' id='word_1_209' title='bbox 673 2270 840 2317; x_wconf 86' lang='lat' dir='ltr'><strong>multas</strong></span> <span class='ocrx_word' id='word_1_210' title='bbox 861 2270 939 2317; x_wconf 92' lang='lat' dir='ltr'><strong>illa</strong></span> <span class='ocrx_word' id='word_1_211' title='bbox 960 2271 1161 2319; x_wconf 82' lang='lat' dir='ltr'><strong>cohortis</strong></span> <span class='ocrx_word' id='word_1_212' title='bbox 1181 2285 1305 2320; x_wconf 78' lang='lat' dir='ltr'><strong>aves.</strong></span> 
     </span>
     <span class='ocr_line' id='line_1_34' title="bbox 325 2330 1441 2399; baseline 0.002 -17"><span class='ocrx_word' id='word_1_213' title='bbox 325 2330 568 2396; x_wconf 72' lang='lat' dir='ltr'><strong>Captivam</strong></span> <span class='ocrx_word' id='word_1_214' title='bbox 589 2333 756 2397; x_wconf 65' lang='lat' dir='ltr'><strong>stipula</strong></span> <span class='ocrx_word' id='word_1_215' title='bbox 774 2334 991 2397; x_wconf 81' lang='lat' dir='ltr'><strong>foenoque</strong></span> <span class='ocrx_word' id='word_1_216' title='bbox 1010 2336 1218 2392; x_wconf 83' lang='lat' dir='ltr'><strong>involvit,</strong></span> <span class='ocrx_word' id='word_1_217' title='bbox 1238 2343 1288 2384; x_wconf 89' lang='lat' dir='ltr'><strong>et</strong></span> <span class='ocrx_word' id='word_1_218' title='bbox 1306 2336 1441 2399; x_wconf 81' lang='lat' dir='ltr'><strong>ignes</strong></span> 
     </span>
     <span class='ocr_line' id='line_1_35' title="bbox 389 2397 1350 2463; baseline 0.004 -18"><span class='ocrx_word' id='word_1_219' title='bbox 389 2397 637 2447; x_wconf 84' lang='lat' dir='ltr'><strong>Admovet.</strong></span> <span class='ocrx_word' id='word_1_220' title='bbox 674 2400 876 2449; x_wconf 75' lang='lat' dir='ltr'><strong>Utentes</strong></span> <span class='ocrx_word' id='word_1_221' title='bbox 896 2400 1058 2463; x_wconf 70' lang='lat' dir='ltr'><strong>effiagit</strong></span> <span class='ocrx_word' id='word_1_222' title='bbox 1077 2402 1155 2448; x_wconf 82' lang='lat' dir='ltr'><strong>illa</strong></span> <span class='ocrx_word' id='word_1_223' title='bbox 1174 2417 1350 2449; x_wconf 78' lang='lat' dir='ltr'><strong>manus.</strong></span> 
     </span>
     <span class='ocr_line' id='line_1_36' title="bbox 326 2461 1636 2532; baseline 0.006 -24"><span class='ocrx_word' id='word_1_224' title='bbox 326 2461 436 2518; x_wconf 70' lang='lat' dir='ltr'><strong>Qua</strong></span> <span class='ocrx_word' id='word_1_225' title='bbox 454 2461 587 2525; x_wconf 82' lang='lat' dir='ltr'><strong>fugit,</strong></span> <span class='ocrx_word' id='word_1_226' title='bbox 610 2464 811 2521; x_wconf 74' lang='lat' dir='ltr'><strong>incendit</strong></span> <span class='ocrx_word' id='word_1_227' title='bbox 830 2468 1021 2515; x_wconf 79' lang='lat' dir='ltr'><strong>vestitos</strong></span> <span class='ocrx_word' id='word_1_228' title='bbox 1041 2468 1264 2515; x_wconf 81' lang='lat' dir='ltr'><strong>messibus</strong></span> <span class='ocrx_word' id='word_1_229' title='bbox 1285 2481 1444 2532; x_wconf 81' lang='lat' dir='ltr'><strong>agros:</strong></span> <span class='ocrx_word' id='word_1_230' title='bbox 1627 2511 1636 2516; x_wconf 70' lang='grc'>,</span> 
     </span>
     <span class='ocr_line' id='line_1_37' title="bbox 389 2525 1658 2598; baseline 0.008 -23"><span class='ocrx_word' id='word_1_231' title='bbox 389 2525 641 2577; x_wconf 85' lang='lat' dir='ltr'><strong>Damnosis</strong></span> <span class='ocrx_word' id='word_1_232' title='bbox 660 2532 781 2580; x_wconf 84' lang='lat' dir='ltr'><strong>vires</strong></span> <span class='ocrx_word' id='word_1_233' title='bbox 799 2533 984 2596; x_wconf 82' lang='lat' dir='ltr'><strong>ignibus</strong></span> <span class='ocrx_word' id='word_1_234' title='bbox 1002 2547 1112 2580; x_wconf 86' lang='lat' dir='ltr'><strong>aura</strong></span> <span class='ocrx_word' id='word_1_235' title='bbox 1132 2533 1279 2581; x_wconf 80' lang='lat' dir='ltr'><strong>dabat.</strong></span> <span class='ocrx_word' id='word_1_236' title='bbox 1548 2531 1658 2598; x_wconf 77' lang='lat' dir='ltr'><strong>[tam</strong></span> 
     </span>
     <span class='ocr_line' id='line_1_38' title="bbox 326 2591 1657 2665; baseline 0.005 -23"><span class='ocrx_word' id='word_1_237' title='bbox 326 2591 521 2656; x_wconf 66' lang='lat' dir='ltr'><strong>Factum</strong></span> <span class='ocrx_word' id='word_1_238' title='bbox 542 2594 678 2643; x_wconf 72' lang='lat' dir='ltr'><strong>abiit:</strong></span> <span class='ocrx_word' id='word_1_239' title='bbox 715 2604 1014 2646; x_wconf 82' lang='lat' dir='ltr'><strong>monumenta</strong></span> <span class='ocrx_word' id='word_1_240' title='bbox 1023 2604 1225 2648; x_wconf 83' lang='lat' dir='ltr'><strong>manent.</strong></span> <span class='ocrx_word' id='word_1_241' title='bbox 1255 2597 1379 2646; x_wconf 79' lang='lat' dir='ltr'><strong>Nam</strong></span> <span class='ocrx_word' id='word_1_242' title='bbox 1390 2596 1657 2665; x_wconf 73' lang='lat' dir='ltr'><strong>viverecap-</strong></span> 
     </span>
    </p>
   </div>
   <div class='ocr_carea' id='block_1_3' title="bbox 392 2656 1658 2728">
    <p class='ocr_par' dir='ltr' id='par_1_3' title="bbox 392 2656 1658 2728">
     <span class='ocr_line' id='line_1_39' title="bbox 392 2656 1658 2728; baseline 0.007 -23"><span class='ocrx_word' id='word_1_243' title='bbox 392 2656 535 2707; x_wconf 77' lang='lat' dir='ltr'><strong>Nune</strong></span> <span class='ocrx_word' id='word_1_244' title='bbox 553 2675 736 2726; x_wconf 85' lang='lat' dir='ltr'><strong>quoque</strong></span> <span class='ocrx_word' id='word_1_245' title='bbox 753 2664 833 2714; x_wconf 77' lang='lat' dir='ltr'><strong>lex</strong></span> <span class='ocrx_word' id='word_1_246' title='bbox 852 2663 1038 2728; x_wconf 82' lang='lat' dir='ltr'><strong>vulpem</strong></span> <span class='ocrx_word' id='word_1_247' title='bbox 1062 2660 1338 2714; x_wconf 63' lang='lat' dir='ltr'><strong>Canobus</strong></span> <span class='ocrx_word' id='word_1_248' title='bbox 1358 2670 1498 2714; x_wconf 78' lang='lat' dir='ltr'><strong>vetat.</strong></span> <span class='ocrx_word' id='word_1_249' title='bbox 1567 2668 1658 2715; x_wconf 84' lang='lat'><strong>710</strong></span> 
     </span>
    </p>
   </div>
  </div>
 </body>
</html>
