1842 2966
546 135 941 205 neronum
971 136 1078 186 Lu.
1100 133 1201 185 111.
1479 139 1551 188 «ετ

207 261 372 312 Auum
394 281 445 314 es
466 276 573 323 aute
590 270 747 318 oculos
768 268 960 317 adducta
978 268 1140 331 pellice
1154 274 1336 316 nostros

276 326 398 377 Tam
419 333 536 379 bene
557 337 853 398 compositum
875 334 1117 382 sollicitare
1136 341 1284 381 torum
1299 332 1325 380 ἲ

112 416 133 432 2
211 391 357 443 Heu!
382 398 458 445 ubi
478 407 608 460 pacta
626 399 739 447 fides
751 401 774 445 Ρ
797 401 885 457 ubi,
908 415 1012 461 quae
1024 401 1179 461 jurare
1200 398 1407 446 solebas?

281 457 372 507 Me
391 464 614 521 miseram,
638 468 817 527 quoties
836 467 937 513 haec
958 479 1046 528 ego
1068 465 1205 512 verba
1224 463 1413 526 loquor!

210 521 402 580 Thesea
419 529 641 590 culpabas,
663 531 958 593 fallacemque
977 531 1075 593 ipse
1089 530 1281 585 meabas
1299 547 1311 577 ε

282 587 468 643 Judicio
488 611 646 657 peccas
666 594 840 659 turpius
858 598 957 658 ipse
977 603 1071 643 tuo.

213 651 301 701 Ne
321 658 435 705 sciat
454 659 542 706 hoc
563 663 811 722 quiquam,
833 662 1074 721 tacitisque
1093 660 1323 707 doloribus
1342 675 1473 708 urar:

288 719 366 774 Ne
387 724 522 771 toties
541 725 634 773 falli
657 727 796 789 digna
813 726 955 773 fuisse
975 733 1119 788 puter.
1466 728 1566 775 490

217 783 464 849 Praecipue
484 792 659 852 cupiam
681 792 816 839 celari
836 790 1046 848 Thfflea3
1079 806 1140 838 ne
1160 798 1208 838 te

293 850 568 901 Consortem
590 857 736 920 culpae
755 858 953 919 gaudeat
973 872 1074 904 esse
1092 871 1204 904 suae.

225 916 310 971 At,
331 926 458 980 puto,
473 923 715 984 praeposita
735 929 804 969 est
816 921 961 969 suscae
983 923 1096 971 mihi
1114 921 1303 970 candida
1317 920 1484 986 pellex-
1545 942 1550 951 ·

294 980 493 1032 Eveniat
508 988 675 1034 nostris
696 988 897 1034 hostibus
917 987 997 1034 ille
1017 987 1155 1034 color.
1191 1014 1194 1021 ‹

224 1046 355 1102 Quid
377 1055 527 1101 tamen
551 1053 636 1099 hoc
658 1052 808 1107 refert,
831 1053 943 1100 vitio
966 1053 1003 1098 si
1018 1052 1190 1114 gratior
1208 1051 1309 1114 ipso
1331 1059 1403 1100 est
1416 1048 1441 1098 ?
1541 1078 1550 1085 -

297 1112 422 1168 Quid
442 1115 587 1164 sacis?
610 1119 844 1179 amplexus
864 1117 1072 1179 inquinat
1092 1117 1169 1164 illa
1190 1124 1309 1174 tuos.

225 1168 426 1236 Bacche‚
444 1180 578 1229 fidem
602 1190 794 1245 praesta3
817 1199 901 1230 nec
920 1181 1086 1244 praefer
1106 1183 1332 1230 amoribus
1353 1182 1492 1231 ullam

299 1240 534 1308 conjugis,
557 1249 757 1296 adsuetae
780 1263 957 1311 semper
979 1262 1130 1293 amare
1145 1247 1307 1296 virum.

229 1305 466 1371 ceperunt
486 1322 678 1361 matrem
697 1313 884 1360 formosi
907 1327 1078 1359 cornua
1091 1313 1235 1370 tauri;

298 1374 388 1421 Me
408 1384 506 1424 tua:
536 1385 582 1425 at
604 1380 677 1425 hic
699 1377 819 1425 laudi
840 1385 925 1431 est,
947 1378 1024 1424 ille
1043 1377 1280 1438 pudendus
1301 1393 1441 1431 amor.
1473 1381 1573 1425 500

229 1437 312 1488 Ne
333 1449 496 1491 noceat
510 1441 636 1506 ‚qu6d
655 1460 786 1494 amo:
810 1458 964 1505 neque
977 1443 1097 1490 enim
1119 1442 1212 1496 tibi,
1229 1441 1424 1499 Bacche,
1438 1457 1577 1492 noce-

276 1530 283 1536 ·
304 1504 446 1562 Quad
465 1507 669 1560 flammas
690 1511 818 1558 nobis
838 1508 988 1556 fassus
1011 1524 1060 1554 es
1082 1509 1178 1570 ipse
1200 1514 1315 1554 tuas.
1460 1505 1578 1573 [bau

231 1570 353 1628 Nec,
377 1569 502 1635 qubd
522 1591 606 1623 nos
626 1591 732 1632 uns,
755 1575 920 1622 mirum
943 1573 1081 1621 facis:
1109 1580 1235 1620 ortus
1256 1574 1303 1620 in
1323 1572 1435 1638 igne
1485 1603 1494 1606 -

302 1637 501 1695 Diceris,
523 1648 569 1698 et
588 1640 734 1712 patria
754 1648 909 1703 raptus
931 1640 987 1687 ab
1007 1640 1115 1701 igne
1135 1654 1288 1686 manu.
1429 1639 1458 1708 ‚⁸

231 1701 325 1760 Illa
345 1720 436 1766 ego
453 1721 568 1762 sum,
590 1706 662 1753 cui
684 1714 735 1753 tu
750 1707 910 1753 solitus
929 1706 1194 1768 promittere
1213 1704 1397 1752 coelum·

306 1768 403 1817 Hei
426 1771 548 1827 mihi,
571 1787 653 1833 pro
670 1773 789 1818 coelo
811 1772 960 1832 qualia
980 1771 1099 1817 dona
1119 1769 1217 1817 fero
1236 1770 1247 1818 Ξ

239 1833 467 1883 Dixerat:
496 1837 674 1884 audibat
685 1837 957 1899 Jamdudum
975 1836 1113 1883 verba
1133 1836 1364 1897 querentis

307 1897 460 1956 Liber,
485 1909 537 1949 ut
557 1899 585 1948 a
604 1909 736 1964 tergo
758 1900 877 1948 forte
899 1908 1081 1948 secutus
1097 1909 1209 1947 erat.

239 1962 450 2028 Occupat
466 1967 693 2030 amplexu,
715 1967 1014 2027 lacrimasque
1033 1981 1113 2029 per
1135 1965 1289 2012 oscula
1310 1965 1477 2013 siccat:

304 2030 386 2088 Et,
412 2030 589 2080 Pariter
610 2032 713 2078 coeli
738 2047 914 2079 summa
933 2039 1154 2094 petamus,
1178 2032 1255 2077 ait.
1486 2033 1585 2079 510

238 2094 318 2143 Tu
339 2098 450 2146 mibi
462 2099 626 2159 juncta
645 2104 760 2152 toro,
784 2098 893 2144 mihi
906 2100 1070 2160 juncta
1090 2096 1307 2143 vocabula
1327 2111 1469 2143 sume.
1547 2105 1552 2110 ‘

304 2159 413 2211 Jam
437 2162 514 2209 tibi
532 2169 719 2209 mutatae
741 2162 906 2210 Libera
928 2177 1095 2208 nomen
1116 2162 1215 2208 erit.

242 2227 436 2289 Sintque
455 2235 549 2274 tuae
570 2235 719 2276 tecum
740 2227 902 2275 faciam
925 2234 1220 2274 monumenta
1240 2240 1453 2284 coronoe5

308 2291 547 2339 Vulcanus
567 2291 739 2340 Veneri
759 2308 894 2355 quam
918 2293 1054 2348 dedit,
1070 2292 1147 2339 illa
1167 2292 1291 2339 mibi.

242 2357 389 2408 Dicta
405 2359 540 2405 facit:
567 2373 863 2421 gemmasque
882 2374 1048 2405 novem
1071 2356 1361 2413 transformat
1374 2358 1423 2404 in
1439 2357 1587 2420 ignes.

309 2422 467 2470 Aurea
488 2439 568 2485 per
590 2423 741 2472 stellas
762 2439 885 2470 nunc
905 2425 1044 2470 micat
1061 2422 1140 2469 illa
1160 2438 1341 2470 novem.

247 2487 347 2544 Sar-x
370 2488 445 2542 ubi
468 2487 710 2545 sustulerit,
734 2489 920 2535 totidem
945 2489 1207 2535 demerserit
1227 2488 1370 2544 orbes,

315 2554 600 2616 Purpureum
625 2555 778 2616 rapido
793 2555 869 2614 qui
893 2554 1018 2600 vehit
1033 2568 1119 2600 axe
1146 2553 1295 2610 diem3

249 2619 410 2669 Altera
429 2620 665 2683 gramineo
687 2620 906 2683 spectabis
927 2619 1117 2680 Equiria
1138 2634 1310 2680 campn,

316 2684 468 2743 Quem
489 2683 689 2762 Thybris
711 2684 860 2734 curvis
882 2685 932 2736 in
951 2684 1070 2732 latus
1093 2691 1258 2746 urguet
1273 2682 1414 2743 aquis.
1491 2683 1519 2726 ξ
