1842 2966
549 71 900 162 TRISTIIJM
923 110 1041 160 Lm.
1064 111 1540 162 1.7.-155

171 242 502 306 Effigiemque
522 259 671 292 meam
693 244 821 291 fulvo
843 245 1140 308 complexus
1128 259 1176 291 m
1197 259 1307 293 auro

249 307 381 357 Cara
401 310 604 372 relegati,
626 308 716 371 qua
734 317 879 372 pote&
904 325 985 357 ora
1005 310 1147 357 vides.

177 374 322 430 Quae
345 376 523 435 quoties
539 382 729 438 spectas,
752 375 909 423 subeat
929 375 1009 425 tibi
1030 375 1179 422 dicere
1199 374 1366 431 forsan.

252 437 410 494 Quam
433 440 593 504 procul
613 439 641 486 a
661 441 790 487 nobis
813 441 945 487 Naso
967 441 1132 487 sodalis
1154 441 1305 488 abest!
1473 441 1539 485 10

176 505 343 553 Grata
366 456 464 552 tuaP
464 514 536 553 est
554 507 720 568 pietas:
750 507 830 553 sed
845 503 1048 553 camina
1067 507 1210 568 major
1232 506 1386 568 imago

252 571 379 617 Sunt
397 586 524 628 mea3
548 586 653 632 quae
670 573 842 619 mando
863 571 1208 633 qualiacumque
1228 571 1371 633 legas.

176 634 413 684 Carmina
432 643 630 683 mutatas
649 636 884 683 hominum
907 637 1104 684 dicentia
1116 636 1314 683 formas:

256 699 431 749 Infelix
451 702 623 749 domini
644 702 767 762 quod
784 703 898 764 fuga
920 703 1041 764 rupit
1062 717 1193 764 opus.

178 765 317 812 Haec
341 783 430 829 ego
453 767 702 821 discedens,
725 767 842 814 sicut
861 769 977 814 bene
997 768 1141 814 multa
1156 779 1377 823 meorum,

255 830 368 894 Ipse
389 831 492 879 med
510 833 643 894 posui
666 840 858 879 moestus
879 833 928 878 in
950 834 1060 894 igne
1083 848 1236 879 manu.

181 896 356 958 thue
377 895 603 945 cremasse
624 913 755 945 suum
778 898 921 946 fertur
944 899 1027 944 sub
1049 899 1200 961 stipite
1222 904 1379 945 natum

255 961 486 1019 Tbestias,
509 970 558 1009 et
578 963 738 1011 melior
759 970 904 1010 matre
923 962 1066 1010 fuisse
1086 979 1247 1022 sorex-3

180 1027 268 1076 Sic
291 1044 384 1097 ego
405 1042 501 1075 non
515 1030 716 1084 meritust,
738 1044 918 1076 mecum
938 1018 1150 1091 peritura,
1173 999 1349 1078 lib’ellos

252 1090 478 1175 ‘Imposui
487 1094 666 1156 rapidiS,
688 1095 863 1142 viscera
883 1102 1051 1150 nostra,
1075 1095 1217 1158 rogis.
1476 1095 1543 1139 20

183 1158 287 1207 Vel
308 1155 432 1220 quod
453 1175 577 1207 eram
601 1159 780 1216 Musas,
802 1170 854 1207 ut
875 1160 1066 1206 crimina
1085 1169 1255 1217 nostra,
1275 1170 1495 1224 perosus·

255 1223 355 1271 Vel
369 1221 492 1301 qudd
511 1225 657 1272 adhuc
677 1241 886 1273 crescens
907 1232 956 1272 et
977 1214 1089 1271 rude
1110 1240 1291 1273 carmen
1313 1232 1425 1273 erat.

188 1290 320 1346 Quae
340 1289 553 1351 quoniam
577 1305 668 1336 non
692 1299 800 1337 sunt
808 1291 1001 1367 ’penitus
1025 1290 1213 1346 sublata,
1236 1293 1317 1338 sed
1336 1296 1548 1346 exstant5

257 1355 474 1402 Plutibus
493 1357 712 1418 exemplis
734 1357 901 1418 scripta
921 1354 1063 1402 fuisse
1083 1370 1198 1402 reor.

192 1421 344 1468 Nunc
359 1436 520 1485 precor
541 1429 594 1468 ut
614 1422 786 1478 vivant,
810 1429 858 1468 et
878 1435 971 1468 non
994 1421 1166 1483 ignava
1181 1421 1417 1483 legentum

259 1486 373 1534 Otia
394 1487 632 1544 delectent,
656 1489 1030 1549 admoneantque
1038 1486 1143 1532 mei.

192 1553 305 1601 Nec
326 1560 480 1600 tamen
500 1553 579 1601 illa
597 1554 693 1615 legi
712 1559 929 1616 poterunt
948 1552 1174 1629 patienter
1193 1552 1249 1598 ab
1270 1551 1395 1608 ullo;

263 1618 459 1666 Nesciet
479 1619 550 1665 his
573 1632 797 1666 summam
821 1620 860 1665 si
883 1620 987 1679 quis
1009 1619 1166 1665 abesse
1186 1630 1387 1667 manum.

192 1685 427 1733 Ablatum.
440 1684 601 1731 mediis
623 1700 737 1747 opus
760 1692 830 1731 est
842 1684 1088 1732 incudibus
1109 1682 1250 1730 illud:
1452 1715 1456 1719 »

224 1755 231 1762 ’
260 1749 428 1797 Defuit
449 1757 496 1797 et
518 1751 694 1814 scriptis
717 1750 877 1797 ultima
892 1751 1002 1796 lima
1022 1748 1151 1796 meis.
1245 1771 1250 1774 -
1449 1781 1454 1786 ·
1476 1750 1546 1795 80

194 1816 265 1865 Ει
286 1816 466 1862 veniam
486 1830 570 1878 pro
591 1817 724 1864 laude
743 1824 873 1879 peto:
912 1815 1121 1862 laudatus
1143 1814 1335 1869 abunde,

262 1880 376 1927 Non
396 1880 621 1928 fastiditus
643 1883 682 1928 si
702 1883 796 1937 tibi,
821 1881 1007 1935 Lector,
1030 1896 1124 1927 ero.

198 1944 511 2007 Hos-quoque
534 1962 615 1993 sex
634 1944 808 2002 vei-sus,
830 1948 878 1993 in
893 1943 1039 2009 primii
1059 1946 1211 1992 fronte
1230 1944 1372 1992 libelli

266 2011 315 2059 si
335 2013 667 2074 praeponendos
689 2028 792 2059 esse
810 2013 998 2075 putabis,
1016 2012 1145 2058 habe.
1386 2035 1391 2042 ·

342 2084 530 2139 parente
545 2092 629 2125 suo
651 2078 924 2139 quicumque
943 2077 1177 2124 volumina
1197 2076 1382 2138 tangis;

265 2141 359 2189 His
376 2143 534 2189 saltem
548 2142 702 2191 vestra
716 2144 847 2190 detur
867 2144 914 2189 in
942 2142 1070 2190 Urbe
1088 2142 1232 2189 locus.

202 2206 400 2268 Qu6que
414 2208 562 2269 magis
576 2207 743 2264 faveas,
763 2224 855 2255 non
879 2216 986 2256 sunt
1007 2208 1108 2253 haec
1130 2208 1251 2255 edita
1266 2208 1322 2253 ab
1342 2206 1456 2269 ipso,

267 2272 358 2319 Sed
379 2273 506 2348 quasi
529 2274 585 2320 de
607 2274 777 2321 domiui
798 2273 960 2320 funere
980 2278 1109 2333 rapta
1129 2274 1215 2320 sui.

202 2336 466 2398 Quidquid
453 2353 502 2383 in
523 2339 595 2385 his
615 2340 755 2401 igitur
776 2339 874 2386 vitii
895 2339 1007 2384 rude
1028 2352 1209 2386 carmen
1231 2336 1422 2394 habebit.

220 2401 616 2462 Emendaturus,
638 2406 678 2453 si
698 2404 912 2462 licuisset,
935 2417 1075 2452 eram·
1447 2402 1546 2451 40
