1842 2966
556 129 904 182 TRISTIUM
936 133 1043 183 Lu.
1068 132 1138 184 11.
1401 138 1495 185 169

120 262 254 310 Non
275 262 383 310 ideo
403 261 535 310 debet
554 263 719 326 pelago
741 279 792 311 se
812 266 1009 321 credere,
1032 268 1070 313 si
1091 282 1179 330 qua

202 328 368 376 Audet
390 329 439 375 in
461 330 631 391 exiguo
652 329 808 376 ludere
828 332 995 392 cymba
1013 331 1130 379 lacu.
1386 335 1489 379 350

124 395 323 444 Forsan
349 395 420 458 (et
441 394 528 440 hoc
544 394 780 453 dubitem)
806 397 1009 443 numeris
1023 397 1266 445 levioribus
1288 406 1419 462 aptus
1489 422 1494 433 ·

205 461 310 509 Sim
335 460 473 516 satis3
496 460 545 506 in
566 475 729 522 parvos
752 461 1062 524 sufficiamque
1082 463 1256 510 modos.

125 528 207 575 At
233 527 274 572 si
296 539 373 571 me
384 525 548 586 jubeas
569 525 764 572 domitos
784 525 918 574 Jovis
940 528 1050 589 igne
1073 529 1302 590 Gigantas

203 589 385 638 Dicere
398 607 414 646 ;
439 597 678 637 conantem
701 591 946 639 debilitabit
967 609 1098 640 onus.

129 657 325 706 Divitis
344 655 520 717 ingenii
540 662 611 702 est
632 657 848 704 immania
870 656 1070 706 Caesaris
1092 664 1196 706 acta

209 721 439 775 Condere,
463 718 652 768 materia
672 738 730 768 ne
751 731 987 785 superetur
1008 739 1138 786 opus·

132 788 213 837 Et
234 795 393 834 tamen
416 799 552 833 ausus
574 802 725 834 eram:
754 789 833 834 sed
856 787 1106 837 detractare
1127 789 1325 846 videbar,

214 852 448 912 Quodque
469 850 609 907 nefas,
633 852 798 900 damno
819 855 989 901 viribus
1009 870 1112 903 esse
1133 855 1237 903 tuis.

137 918 227 967 Ad
247 919 355 965 leve
378 931 533 963 rursus
555 932 681 979 opus,
694 919 917 981 juvenilia
937 921 1149 977 carmina,
1171 921 1307 979 veni3

216 983 287 1030 Et
307 981 424 1029 falso
444 983 568 1028 movi
588 990 747 1045 pectus
768 1000 923 1032 amore
942 1001 1110 1034 meum.
1401 988 1505 1033 340

142 1048 268 1098 Non
292 1047 498 1109 equidem
519 1049 709 1096 vellem:
737 1046 818 1097 sed
838 1066 915 1098 me
935 1065 1038 1099 mea
1057 1051 1151 1100 fata
1170 1053 1422 1108 trahebant,

219 1113 372 1175 Inque
392 1128 516 1160 meas
537 1128 697 1176 poenas
717 1115 982 1177 ingeniosus
1002 1132 1142 1165 eram.

148 1180 254 1230 Hei
278 1179 403 1233 mihi,
427 1174 548 1240 quod
569 1179 729 1228 didici!
756 1178 877 1242 quod
898 1198 974 1228 me
997 1183 1190 1231 docuere
1209 1190 1435 1246 parentes,

221 1244 472 1304 Literaque
492 1250 565 1290 est
586 1245 743 1292 oculos
765 1247 857 1294 ulla
877 1255 1053 1294 morata
1067 1249 1228 1295 meos?

151 1311 286 1359 Haec
306 1310 387 1356 tibi
408 1324 484 1355 me
503 1309 700 1357 invisum
722 1311 907 1358 lascivia
927 1311 1049 1366 fecit,
1072 1313 1129 1359 ob
1151 1313 1305 1368 Artes,

227 1377 361 1431 Quas
382 1381 504 1420 ratus
525 1390 575 1420 es
597 1375 765 1421 vetitos
787 1373 1051 1423 sollicitasse
1072 1385 1211 1424 toros.

157 1443 255 1492 Sed
271 1455 420 1502 neque
440 1454 514 1486 me
537 1447 693 1502 nuptae
709 1438 960 1489 didicer‘unt
979 1440 1102 1488 furta
1121 1443 1368 1506 magistro:

228 1507 460 1567 Quodque
478 1521 639 1567 pamm
662 1506 806 1564 novit,
828 1522 965 1553 nemo
987 1508 1149 1554 docere
1169 1516 1334 1571 potest.

160 1575 242 1623 sic
259 1588 350 1635 ego
373 1571 567 1628 delicias,
590 1578 636 1618 et
657 1571 813 1619 mollia
827 1573 1028 1620 carmina
1047 1572 1148 1627 feci,

233 1637 479 1687 strinxerit
499 1644 551 1683 ut
573 1653 741 1684 nomen
761 1637 913 1685 fabula
933 1638 1059 1685 nulla
1077 1653 1246 1687 meum.
1411 1641 1514 1688 350

159 1705 271 1754 Nec
293 1704 528 1765 quisquam
551 1710 622 1750 est
643 1699 754 1750 adeo
777 1702 927 1751 media
947 1704 1003 1751 de
1023 1703 1153 1765 plebe
1174 1703 1377 1761 maritus,

232 1767 306 1817 Ut
327 1768 488 1815 dubius
503 1769 616 1816 vitio
638 1770 697 1817 sit
717 1776 846 1832 pater
864 1769 943 1816 ille
964 1785 1082 1816 meo.

169 1835 322 1887 Crede
343 1832 468 1888 mihi,
490 1850 641 1881 mores
662 1835 829 1882 distant
850 1832 878 1881 ὲ
896 1835 1098 1882 carmine
1119 1835 1278 1881 nostri.

235 1899 350 1947 Vita
370 1901 627 1946 verecunda
646 1906 730 1955 est,
754 1900 897 1947 Musa
918 1901 1082 1955 'ocosa‚
1107 1900 1232 1946 mihi.

168 1966 440 2029 Magnaque
462 1980 565 2028 pars
586 1980 774 2027 operum
795 1916 993 2012 mendax
1012 1973 1060 2012 et
1073 1963 1181 2012 ficta
1200 1979 1407 2011 meorum

241 2031 357 2079 Plus
379 2029 460 2076 sibi
482 2031 686 2092 permisit
707 2032 1008 2093 compositore
1029 2047 1127 2078 suo.

174 2097 279 2146 Nec
298 2096 412 2143 liber
433 2096 646 2143 indicium
669 2104 739 2144 est
759 2097 910 2151 animi,
935 2096 1015 2143 sed
1037 2097 1225 2143 honesta
1245 2095 1468 2158 voluptas,

242 2162 448 2210 Plurima
469 2162 718 2209 mulcendis
740 2162 920 2208 auribus
942 2169 1047 2225 apta
1065 2161 1232 2210 serene.

175 2229 349 2279 Accius
371 2233 493 2274 esset
512 2235 674 2285 atrox3
698 2228 892 2275 conviva
911 2226 1157 2275 Terentius
1179 2235 1330 2275 esset:

242 2293 416 2342 Essent
435 2308 681 2355 pugnaces,
704 2294 783 2355 qui
803 2293 899 2339 fera
920 2292 1037 2339 bella
1057 2302 1239 2339 canunt.
1421 2296 1524 2341 360

179 2360 398 2419 Denique
413 2359 646 2421 composui
669 2365 851 2405 teneros
873 2373 968 2404 non
992 2359 1115 2405 solus
1136 2373 1343 2405 amores:

246 2423 515 2486 Composito
535 2439 696 2487 poenas
718 2424 841 2471 solus
863 2439 1017 2470 amore
1039 2424 1155 2470 dedi.

186 2490 324 2552 Quid,
348 2490 431 2536 nisi
455 2505 558 2536 cum
583 2491 728 2537 multo
751 2488 982 2535 Venerem
1005 2487 1281 2536 confundere
1303 2488 1425 2541 vino,

251 2555 476 2616 Praecepit
496 2554 655 2617 Lyrici
677 2553 795 2601 Teia
814 2570 946 2600 musa
968 2552 1121 2601 senis?

185 2621 351 2671 Lesbia
370 2621 479 2683 quid
499 2622 655 2669 docuit
676 2621 872 2683 Sappho,
895 2619 983 2666 nisi
1004 2634 1168 2674 amare,
1189 2619 1362 2682 puellas
1377 2617 1399 2662 2

251 2686 375 2734 Tuta
389 2686 760 2753 tamen.Sappho‚
783 2694 910 2750 tutus
932 2692 980 2734 et
1001 2686 1077 2733 ille
1094 2684 1193 2732 fuit.

186 2769 291 2803 vor..
311 2767 382 2803 ιιι.
1106 2764 1141 2802 Q
