<?xml version="1.0" encoding="UTF-8"?>
<!DOCTYPE html PUBLIC "-//W3C//DTD XHTML 1.0 Transitional//EN"
    "http://www.w3.org/TR/xhtml1/DTD/xhtml1-transitional.dtd">
<html xmlns="http://www.w3.org/1999/xhtml" xml:lang="en" lang="en">
 <head>
  <title>
</title>
<meta http-equiv="Content-Type" content="text/html;charset=utf-8" />
  <meta name='ocr-system' content='tesseract 3.04.00' />
  <meta name='ocr-capabilities' content='ocr_page ocr_carea ocr_par ocr_line ocrx_word'/>
</head>
<body>
  <div class='ocr_page' id='page_1' title='image "./povidiinasoniso01caregoog_0044.png"; bbox 0 0 1842 2966; ppageno 0'>
   <div class='ocr_carea' id='block_1_1' title="bbox 262 888 1676 953">
    <p class='ocr_par' dir='ltr' id='par_1_1' title="bbox 262 888 1676 953">
     <span class='ocr_line' id='line_1_1' title="bbox 262 888 1676 953; baseline 0 -14"><span class='ocrx_word' id='word_1_1' title='bbox 262 895 269 899; x_wconf 83' lang='grc'><strong>’</strong></span> <span class='ocrx_word' id='word_1_2' title='bbox 369 889 500 941; x_wconf 89' lang='lat' dir='ltr'><strong>Hinc</strong></span> <span class='ocrx_word' id='word_1_3' title='bbox 522 896 665 944; x_wconf 85' lang='lat' dir='ltr'><strong>tonat,</strong></span> <span class='ocrx_word' id='word_1_4' title='bbox 687 889 792 936; x_wconf 87' lang='lat' dir='ltr'><strong>hinc</strong></span> <span class='ocrx_word' id='word_1_5' title='bbox 814 890 967 936; x_wconf 83' lang='lat' dir='ltr'><strong>missis</strong></span> <span class='ocrx_word' id='word_1_6' title='bbox 987 890 1264 953; x_wconf 81' lang='lat' dir='ltr'><strong>abrumpitur</strong></span> <span class='ocrx_word' id='word_1_7' title='bbox 1281 888 1467 952; x_wconf 84' lang='lat' dir='ltr'><strong>ignibus</strong></span> <span class='ocrx_word' id='word_1_8' title='bbox 1489 892 1676 939; x_wconf 81' lang='lat' dir='ltr'><strong>aether.</strong></span> 
     </span>
    </p>
   </div>
   <div class='ocr_carea' id='block_1_2' title="bbox 356 101 1436 155">
    <p class='ocr_par' dir='ltr' id='par_1_2' title="bbox 356 101 1436 155">
     <span class='ocr_line' id='line_1_2' title="bbox 356 101 1436 155; baseline 0.001 -1"><span class='ocrx_word' id='word_1_9' title='bbox 356 111 428 155; x_wconf 77' lang='lat'><strong>34</strong></span> <span class='ocrx_word' id='word_1_10' title='bbox 689 103 747 152; x_wconf 89' lang='grc' dir='ltr'><strong>Ρ.</strong></span> <span class='ocrx_word' id='word_1_11' title='bbox 778 101 1016 151; x_wconf 84' lang='lat' dir='ltr'><strong>ovmn</strong></span> <span class='ocrx_word' id='word_1_12' title='bbox 1047 103 1349 155; x_wconf 75' lang='lat' dir='ltr'>NASONIS</span> <span class='ocrx_word' id='word_1_13' title='bbox 1431 140 1436 145; x_wconf 86' lang='lat'><em>·</em></span> 
     </span>
    </p>
   </div>
   <div class='ocr_carea' id='block_1_3' title="bbox 361 234 1733 888">
    <p class='ocr_par' dir='ltr' id='par_1_3' title="bbox 361 234 1733 888">
     <span class='ocr_line' id='line_1_3' title="bbox 361 234 1499 298; baseline 0 -13"><span class='ocrx_word' id='word_1_14' title='bbox 361 234 526 285; x_wconf 82' lang='lat' dir='ltr'><strong>Redde</strong></span> <span class='ocrx_word' id='word_1_15' title='bbox 545 236 663 298; x_wconf 84' lang='lat' dir='ltr'><strong>patri</strong></span> <span class='ocrx_word' id='word_1_16' title='bbox 682 241 839 282; x_wconf 80' lang='lat' dir='ltr'><strong>natum</strong></span> <span class='ocrx_word' id='word_1_17' title='bbox 851 252 866 282; x_wconf 73' lang='lat' dir='ltr'><strong><em>z</em></strong></span> <span class='ocrx_word' id='word_1_18' title='bbox 892 236 1101 297; x_wconf 81' lang='lat' dir='ltr'><strong>quamvis</strong></span> <span class='ocrx_word' id='word_1_19' title='bbox 1122 236 1352 284; x_wconf 76' lang='lat' dir='ltr'><strong>intercidit</strong></span> <span class='ocrx_word' id='word_1_20' title='bbox 1371 237 1499 292; x_wconf 71' lang='lat' dir='ltr'><strong>alter,</strong></span> 
     </span>
     <span class='ocr_line' id='line_1_4' title="bbox 431 299 1539 364; baseline 0.003 -16"><span class='ocrx_word' id='word_1_21' title='bbox 431 299 526 349; x_wconf 90' lang='lat' dir='ltr'><strong>Pro</strong></span> <span class='ocrx_word' id='word_1_22' title='bbox 548 316 610 357; x_wconf 86' lang='lat' dir='ltr'><strong>se,</strong></span> <span class='ocrx_word' id='word_1_23' title='bbox 631 316 805 364; x_wconf 80' lang='lat' dir='ltr'>proque</span> <span class='ocrx_word' id='word_1_24' title='bbox 822 300 991 357; x_wconf 84' lang='lat' dir='ltr'>Remo,</span> <span class='ocrx_word' id='word_1_25' title='bbox 1014 302 1093 362; x_wconf 88' lang='lat' dir='ltr'><strong>qui</strong></span> <span class='ocrx_word' id='word_1_26' title='bbox 1115 302 1226 348; x_wconf 88' lang='lat' dir='ltr'><strong>mihi</strong></span> <span class='ocrx_word' id='word_1_27' title='bbox 1249 309 1405 358; x_wconf 78' lang='lat' dir='ltr'><strong>restat,</strong></span> <span class='ocrx_word' id='word_1_28' title='bbox 1428 302 1539 351; x_wconf 75' lang='lat' dir='ltr'><strong>erit.</strong></span> 
     </span>
     <span class='ocr_line' id='line_1_5' title="bbox 362 365 1427 429; baseline -0.001 -14"><span class='ocrx_word' id='word_1_29' title='bbox 362 365 507 415; x_wconf 79' lang='lat' dir='ltr'><strong>Unus</strong></span> <span class='ocrx_word' id='word_1_30' title='bbox 520 367 619 423; x_wconf 85' lang='lat' dir='ltr'><strong>erit,</strong></span> <span class='ocrx_word' id='word_1_31' title='bbox 641 382 777 429; x_wconf 89' lang='lat' dir='ltr'><strong>quem</strong></span> <span class='ocrx_word' id='word_1_32' title='bbox 797 374 850 414; x_wconf 91' lang='lat' dir='ltr'><strong>tu</strong></span> <span class='ocrx_word' id='word_1_33' title='bbox 870 367 1007 414; x_wconf 84' lang='lat' dir='ltr'><strong>tolles</strong></span> <span class='ocrx_word' id='word_1_34' title='bbox 1027 367 1075 413; x_wconf 85' lang='lat' dir='ltr'><strong>in</strong></span> <span class='ocrx_word' id='word_1_35' title='bbox 1097 368 1265 414; x_wconf 81' lang='lat' dir='ltr'><strong>caerula</strong></span> <span class='ocrx_word' id='word_1_36' title='bbox 1285 367 1389 414; x_wconf 84' lang='lat' dir='ltr'><strong>coeli</strong></span> <span class='ocrx_word' id='word_1_37' title='bbox 1406 384 1427 425; x_wconf 78' lang='lat'>3</span> 
     </span>
     <span class='ocr_line' id='line_1_6' title="bbox 429 431 1401 483; baseline 0 -4"><span class='ocrx_word' id='word_1_38' title='bbox 429 431 508 479; x_wconf 90' lang='lat' dir='ltr'><strong>Tu</strong></span> <span class='ocrx_word' id='word_1_39' title='bbox 529 433 639 479; x_wconf 86' lang='lat' dir='ltr'><strong>mihi</strong></span> <span class='ocrx_word' id='word_1_40' title='bbox 660 432 840 480; x_wconf 74' lang='lat' dir='ltr'><strong>dixistiz</strong></span> <span class='ocrx_word' id='word_1_41' title='bbox 879 434 974 479; x_wconf 86' lang='lat' dir='ltr'><strong>sint</strong></span> <span class='ocrx_word' id='word_1_42' title='bbox 995 439 1093 478; x_wconf 86' lang='lat' dir='ltr'><strong>rata</strong></span> <span class='ocrx_word' id='word_1_43' title='bbox 1113 433 1234 483; x_wconf 78' lang='lat' dir='ltr'><strong>dicta</strong></span> <span class='ocrx_word' id='word_1_44' title='bbox 1251 432 1401 482; x_wconf 82' lang='lat' dir='ltr'><strong>Jovis.</strong></span> 
     </span>
     <span class='ocr_line' id='line_1_7' title="bbox 363 496 1491 562; baseline -0.004 -14"><span class='ocrx_word' id='word_1_45' title='bbox 363 496 547 562; x_wconf 82' lang='lat' dir='ltr'><strong>Jupiter</strong></span> <span class='ocrx_word' id='word_1_46' title='bbox 566 499 799 545; x_wconf 80' lang='lat' dir='ltr'><strong>adnuerat.</strong></span> <span class='ocrx_word' id='word_1_47' title='bbox 830 497 966 544; x_wconf 89' lang='lat' dir='ltr'><strong>Nutu</strong></span> <span class='ocrx_word' id='word_1_48' title='bbox 987 497 1278 545; x_wconf 74' lang='lat' dir='ltr'><strong>tremefactus</strong></span> <span class='ocrx_word' id='word_1_49' title='bbox 1297 505 1491 559; x_wconf 81' lang='lat' dir='ltr'><strong>uterque</strong></span> 
     </span>
     <span class='ocr_line' id='line_1_8' title="bbox 432 563 1733 626; baseline 0.002 -16"><span class='ocrx_word' id='word_1_50' title='bbox 432 563 526 611; x_wconf 86' lang='lat' dir='ltr'><strong>Est</strong></span> <span class='ocrx_word' id='word_1_51' title='bbox 545 564 691 626; x_wconf 85' lang='lat' dir='ltr'><strong>polus,</strong></span> <span class='ocrx_word' id='word_1_52' title='bbox 712 574 763 611; x_wconf 88' lang='lat' dir='ltr'><strong>et</strong></span> <span class='ocrx_word' id='word_1_53' title='bbox 783 564 888 610; x_wconf 89' lang='lat' dir='ltr'><strong>coeli</strong></span> <span class='ocrx_word' id='word_1_54' title='bbox 909 563 1112 624; x_wconf 86' lang='lat' dir='ltr'><strong>pondera</strong></span> <span class='ocrx_word' id='word_1_55' title='bbox 1130 565 1274 610; x_wconf 81' lang='lat' dir='ltr'><strong>sensit</strong></span> <span class='ocrx_word' id='word_1_56' title='bbox 1294 563 1448 610; x_wconf 81' lang='lat' dir='ltr'><strong>Atlas·</strong></span> <span class='ocrx_word' id='word_1_57' title='bbox 1614 568 1733 613; x_wconf 77' lang='lat'><strong>490</strong></span> 
     </span>
     <span class='ocr_line' id='line_1_9' title="bbox 365 626 1504 692; baseline -0.004 -14"><span class='ocrx_word' id='word_1_58' title='bbox 365 627 459 679; x_wconf 84' lang='lat' dir='ltr'><strong>Est</strong></span> <span class='ocrx_word' id='word_1_59' title='bbox 479 631 623 685; x_wconf 86' lang='lat' dir='ltr'><strong>locus,</strong></span> <span class='ocrx_word' id='word_1_60' title='bbox 645 629 819 690; x_wconf 80' lang='lat' dir='ltr'><strong>antiqui</strong></span> <span class='ocrx_word' id='word_1_61' title='bbox 843 626 1068 689; x_wconf 84' lang='lat' dir='ltr'><strong>Capream</strong></span> <span class='ocrx_word' id='word_1_62' title='bbox 1090 628 1246 676; x_wconf 82' lang='lat' dir='ltr'>dixere</span> <span class='ocrx_word' id='word_1_63' title='bbox 1264 629 1504 692; x_wconf 78' lang='lat' dir='ltr'><strong>paludem:</strong></span> 
     </span>
     <span class='ocr_line' id='line_1_10' title="bbox 432 692 1346 756; baseline -0.001 -13"><span class='ocrx_word' id='word_1_64' title='bbox 432 693 577 742; x_wconf 72' lang='lat' dir='ltr'><strong>Forte</strong></span> <span class='ocrx_word' id='word_1_65' title='bbox 598 696 689 743; x_wconf 88' lang='lat' dir='ltr'><strong>tuis</strong></span> <span class='ocrx_word' id='word_1_66' title='bbox 710 694 814 748; x_wconf 82' lang='lat' dir='ltr'><strong>illic,</strong></span> <span class='ocrx_word' id='word_1_67' title='bbox 838 692 1087 747; x_wconf 89' lang='lat' dir='ltr'><strong>Romule,&#39;</strong></span> <span class='ocrx_word' id='word_1_68' title='bbox 1066 708 1174 756; x_wconf 74' lang='lat' dir='ltr'><strong>Jura</strong></span> <span class='ocrx_word' id='word_1_69' title='bbox 1193 694 1346 742; x_wconf 78' lang='lat' dir='ltr'><strong>dabas.</strong></span> 
     </span>
     <span class='ocr_line' id='line_1_11' title="bbox 368 759 1577 823; baseline -0.002 -14"><span class='ocrx_word' id='word_1_70' title='bbox 368 760 450 809; x_wconf 87' lang='lat' dir='ltr'><strong>Sol</strong></span> <span class='ocrx_word' id='word_1_71' title='bbox 468 761 496 808; x_wconf 79' lang='lat' dir='ltr'>f</span> <span class='ocrx_word' id='word_1_72' title='bbox 489 762 603 823; x_wconf 80' lang='lat' dir='ltr'><strong>ugit,</strong></span> <span class='ocrx_word' id='word_1_73' title='bbox 626 766 674 806; x_wconf 89' lang='lat' dir='ltr'><strong>et</strong></span> <span class='ocrx_word' id='word_1_74' title='bbox 693 764 932 805; x_wconf 81' lang='lat' dir='ltr'><strong>removent</strong></span> <span class='ocrx_word' id='word_1_75' title='bbox 953 759 1190 806; x_wconf 77' lang='lat' dir='ltr'><strong>subeuntia</strong></span> <span class='ocrx_word' id='word_1_76' title='bbox 1210 759 1363 806; x_wconf 84' lang='lat' dir='ltr'><strong>nubila</strong></span> <span class='ocrx_word' id='word_1_77' title='bbox 1382 759 1577 815; x_wconf 74' lang='lat' dir='ltr'><strong>coelmn,</strong></span> 
     </span>
     <span class='ocr_line' id='line_1_12' title="bbox 434 822 1372 888; baseline -0.002 -14"><span class='ocrx_word' id='word_1_78' title='bbox 434 826 504 874; x_wconf 85' lang='lat' dir='ltr'><strong>Et</strong></span> <span class='ocrx_word' id='word_1_79' title='bbox 523 826 678 888; x_wconf 84' lang='lat' dir='ltr'><strong>gravis</strong></span> <span class='ocrx_word' id='word_1_80' title='bbox 699 822 854 870; x_wconf 84' lang='lat' dir='ltr'><strong>effusis</strong></span> <span class='ocrx_word' id='word_1_81' title='bbox 876 824 1044 870; x_wconf 86' lang='lat' dir='ltr'><strong>decidit</strong></span> <span class='ocrx_word' id='word_1_82' title='bbox 1063 825 1207 871; x_wconf 81' lang='lat' dir='ltr'>imber</span> <span class='ocrx_word' id='word_1_83' title='bbox 1228 825 1372 886; x_wconf 83' lang='lat' dir='ltr'><strong>aquis.</strong></span> 
     </span>
    </p>
   </div>
   <div class='ocr_carea' id='block_1_4' title="bbox 336 953 1806 2722">
    <p class='ocr_par' dir='ltr' id='par_1_4' title="bbox 336 953 1806 2722">
     <span class='ocr_line' id='line_1_13' title="bbox 434 953 1598 1033; baseline -0.003 -30"><span class='ocrx_word' id='word_1_84' title='bbox 434 955 515 1003; x_wconf 83' lang='lat' dir='ltr'><strong>Fit</strong></span> <span class='ocrx_word' id='word_1_85' title='bbox 533 953 581 1000; x_wconf 84' lang='lat' dir='ltr'><strong>fu</strong></span> <span class='ocrx_word' id='word_1_86' title='bbox 582 969 665 1016; x_wconf 83' lang='lat' dir='ltr'><strong>g:a</strong></span> <span class='ocrx_word' id='word_1_87' title='bbox 704 953 814 1001; x_wconf 84' lang='lat' dir='ltr'><strong>Rex</strong></span> <span class='ocrx_word' id='word_1_88' title='bbox 833 955 993 1018; x_wconf 88' lang='lat' dir='ltr'><strong>patriis</strong></span> <span class='ocrx_word' id='word_1_89' title='bbox 1014 962 1137 1002; x_wconf 85' lang='lat' dir='ltr'><strong>astra</strong></span> <span class='ocrx_word' id='word_1_90' title='bbox 1154 957 1335 1033; x_wconf 78' lang='lat' dir='ltr'><strong>petebat</strong></span> <span class='ocrx_word' id='word_1_91' title='bbox 1357 955 1504 1017; x_wconf 82' lang='lat' dir='ltr'><strong>equis.</strong></span> <span class='ocrx_word' id='word_1_92' title='bbox 1591 995 1598 999; x_wconf 83' lang='lat'><strong>.</strong></span> 
     </span>
     <span class='ocr_line' id='line_1_14' title="bbox 369 970 1570 1097; baseline 0 -29"><span class='ocrx_word' id='word_1_93' title='bbox 369 1018 548 1068; x_wconf 85' lang='lat' dir='ltr'><strong>Luctus</strong></span> <span class='ocrx_word' id='word_1_94' title='bbox 569 970 679 1075; x_wconf 64' lang='grc' dir='ltr'>ἔται,</span> <span class='ocrx_word' id='word_1_95' title='bbox 700 1018 919 1097; x_wconf 78' lang='lat' dir='ltr'><strong>falsaeque</strong></span> <span class='ocrx_word' id='word_1_96' title='bbox 941 1018 1138 1068; x_wconf 87' lang='lat' dir='ltr'><strong>Patres</strong></span> <span class='ocrx_word' id='word_1_97' title='bbox 1126 1037 1175 1067; x_wconf 79' lang='lat' dir='ltr'><strong>in</strong></span> <span class='ocrx_word' id='word_1_98' title='bbox 1197 1021 1387 1068; x_wconf 88' lang='lat' dir='ltr'><strong>crimine</strong></span> <span class='ocrx_word' id='word_1_99' title='bbox 1406 1020 1570 1068; x_wconf 78' lang='lat' dir='ltr'><strong>caedis.</strong></span> 
     </span>
     <span class='ocr_line' id='line_1_15' title="bbox 435 1077 1394 1147; baseline 0.001 -14"><span class='ocrx_word' id='word_1_100' title='bbox 435 1077 755 1147; x_wconf 73' lang='lat' dir='ltr'><strong>Haesissetque</strong></span> <span class='ocrx_word' id='word_1_101' title='bbox 775 1085 939 1133; x_wconf 81' lang='lat' dir='ltr'><strong>animis</strong></span> <span class='ocrx_word' id='word_1_102' title='bbox 959 1085 1148 1134; x_wconf 76' lang='lat' dir='ltr'><strong>forsitan</strong></span> <span class='ocrx_word' id='word_1_103' title='bbox 1169 1086 1247 1133; x_wconf 83' lang='lat' dir='ltr'><strong>illa</strong></span> <span class='ocrx_word' id='word_1_104' title='bbox 1265 1085 1394 1134; x_wconf 70' lang='lat' dir='ltr'><strong>fides.</strong></span> 
     </span>
     <span class='ocr_line' id='line_1_16' title="bbox 371 1147 1479 1215; baseline -0.001 -16"><span class='ocrx_word' id='word_1_105' title='bbox 371 1150 465 1199; x_wconf 86' lang='lat' dir='ltr'><strong>Sed</strong></span> <span class='ocrx_word' id='word_1_106' title='bbox 486 1149 711 1197; x_wconf 84' lang='lat' dir='ltr'><strong>Proculus</strong></span> <span class='ocrx_word' id='word_1_107' title='bbox 734 1149 903 1215; x_wconf 63' lang='lat' dir='ltr'><strong>Longa</strong></span> <span class='ocrx_word' id='word_1_108' title='bbox 926 1152 1134 1201; x_wconf 84' lang='lat' dir='ltr'><strong>veniebat</strong></span> <span class='ocrx_word' id='word_1_109' title='bbox 1152 1151 1306 1201; x_wconf 86' lang='lat' dir='ltr'><strong>Julius</strong></span> <span class='ocrx_word' id='word_1_110' title='bbox 1328 1147 1479 1199; x_wconf 85' lang='lat' dir='ltr'><strong>Alba.</strong></span> 
     </span>
     <span class='ocr_line' id='line_1_17' title="bbox 438 1214 1740 1280; baseline 0.003 -17"><span class='ocrx_word' id='word_1_111' title='bbox 438 1214 664 1278; x_wconf 86' lang='lat' dir='ltr'><strong>Lunaque</strong></span> <span class='ocrx_word' id='word_1_112' title='bbox 681 1215 918 1280; x_wconf 49' lang='lat' dir='ltr'><strong>fulgebam</strong></span> <span class='ocrx_word' id='word_1_113' title='bbox 952 1232 1038 1264; x_wconf 86' lang='lat' dir='ltr'><strong>nec</strong></span> <span class='ocrx_word' id='word_1_114' title='bbox 1059 1217 1172 1264; x_wconf 85' lang='lat' dir='ltr'><strong>facis</strong></span> <span class='ocrx_word' id='word_1_115' title='bbox 1195 1232 1305 1264; x_wconf 83' lang='lat' dir='ltr'><strong>usus</strong></span> <span class='ocrx_word' id='word_1_116' title='bbox 1327 1224 1437 1264; x_wconf 85' lang='lat' dir='ltr'><strong>erat.</strong></span> <span class='ocrx_word' id='word_1_117' title='bbox 1618 1220 1740 1267; x_wconf 85' lang='grc'><strong>500</strong></span> 
     </span>
     <span class='ocr_line' id='line_1_18' title="bbox 376 1279 1456 1345; baseline -0.003 -13"><span class='ocrx_word' id='word_1_118' title='bbox 376 1279 499 1333; x_wconf 63' lang='lat' dir='ltr'><strong>cam</strong></span> <span class='ocrx_word' id='word_1_119' title='bbox 520 1282 671 1329; x_wconf 81' lang='lat' dir='ltr'><strong>subito</strong></span> <span class='ocrx_word' id='word_1_120' title='bbox 692 1291 821 1330; x_wconf 89' lang='lat' dir='ltr'><strong>motu</strong></span> <span class='ocrx_word' id='word_1_121' title='bbox 842 1283 987 1330; x_wconf 78' lang='lat' dir='ltr'><strong>nubes</strong></span> <span class='ocrx_word' id='word_1_122' title='bbox 1007 1297 1222 1345; x_wconf 84' lang='lat' dir='ltr'><strong>crepuere</strong></span> <span class='ocrx_word' id='word_1_123' title='bbox 1244 1283 1456 1330; x_wconf 82' lang='lat' dir='ltr'><strong>sinistrae.</strong></span> 
     </span>
     <span class='ocr_line' id='line_1_19' title="bbox 434 1347 1484 1412; baseline 0.001 -19"><span class='ocrx_word' id='word_1_124' title='bbox 434 1347 616 1394; x_wconf 84' lang='lat' dir='ltr'><strong>Retulit</strong></span> <span class='ocrx_word' id='word_1_125' title='bbox 634 1347 713 1395; x_wconf 88' lang='lat' dir='ltr'><strong>ille</strong></span> <span class='ocrx_word' id='word_1_126' title='bbox 732 1349 914 1412; x_wconf 80' lang='lat' dir='ltr'><strong>gradus,</strong></span> <span class='ocrx_word' id='word_1_127' title='bbox 938 1350 1301 1410; x_wconf 87' lang='lat' dir='ltr'><strong>horrueruntque</strong></span> <span class='ocrx_word' id='word_1_128' title='bbox 1322 1363 1484 1395; x_wconf 84' lang='lat' dir='ltr'><strong>comae.</strong></span> 
     </span>
     <span class='ocr_line' id='line_1_20' title="bbox 373 1411 1527 1478; baseline -0.001 -17"><span class='ocrx_word' id='word_1_129' title='bbox 373 1411 583 1470; x_wconf 86' lang='lat' dir='ltr'><strong>Pulcher,</strong></span> <span class='ocrx_word' id='word_1_130' title='bbox 606 1420 654 1460; x_wconf 88' lang='lat' dir='ltr'><strong>et</strong></span> <span class='ocrx_word' id='word_1_131' title='bbox 674 1414 874 1462; x_wconf 87' lang='lat' dir='ltr'><strong>humano</strong></span> <span class='ocrx_word' id='word_1_132' title='bbox 893 1416 983 1478; x_wconf 87' lang='lat' dir='ltr'><strong>maj</strong></span> <span class='ocrx_word' id='word_1_133' title='bbox 987 1430 1052 1470; x_wconf 84' lang='lat' dir='ltr'><strong>or,</strong></span> <span class='ocrx_word' id='word_1_134' title='bbox 1074 1412 1313 1476; x_wconf 73' lang='lat' dir='ltr'><strong>trabeaque</strong></span> <span class='ocrx_word' id='word_1_135' title='bbox 1333 1414 1527 1462; x_wconf 75' lang='lat' dir='ltr'><strong>decorus</strong></span> 
     </span>
     <span class='ocr_line' id='line_1_21' title="bbox 436 1476 1350 1534; baseline 0.001 -8"><span class='ocrx_word' id='word_1_136' title='bbox 436 1477 698 1534; x_wconf 74' lang='lat' dir='ltr'><strong>Romulus·</strong></span> <span class='ocrx_word' id='word_1_137' title='bbox 685 1497 732 1528; x_wconf 87' lang='lat' dir='ltr'><strong>m</strong></span> <span class='ocrx_word' id='word_1_138' title='bbox 754 1478 906 1529; x_wconf 85' lang='lat' dir='ltr'><strong>media</strong></span> <span class='ocrx_word' id='word_1_139' title='bbox 925 1482 1052 1529; x_wconf 85' lang='lat' dir='ltr'><strong>visus</strong></span> <span class='ocrx_word' id='word_1_140' title='bbox 1073 1480 1233 1529; x_wconf 78' lang='lat' dir='ltr'><strong>adesse</strong></span> <span class='ocrx_word' id='word_1_141' title='bbox 1252 1476 1350 1527; x_wconf 65' lang='lat' dir='ltr'><strong>vis.</strong></span> 
     </span>
     <span class='ocr_line' id='line_1_22' title="bbox 370 1545 1483 1623; baseline -0.002 -28"><span class='ocrx_word' id='word_1_142' title='bbox 370 1545 442 1596; x_wconf 88' lang='lat' dir='ltr'><strong>Et</strong></span> <span class='ocrx_word' id='word_1_143' title='bbox 462 1546 632 1594; x_wconf 76' lang='lat' dir='ltr'><strong>dhtisse</strong></span> <span class='ocrx_word' id='word_1_144' title='bbox 651 1546 818 1605; x_wconf 86' lang='lat' dir='ltr'><strong>simul,</strong></span> <span class='ocrx_word' id='word_1_145' title='bbox 844 1546 1043 1594; x_wconf 86' lang='lat' dir='ltr'><strong>Prohibe</strong></span> <span class='ocrx_word' id='word_1_146' title='bbox 1061 1546 1224 1623; x_wconf 76' lang='lat' dir='ltr'><strong>lugere</strong></span> <span class='ocrx_word' id='word_1_147' title='bbox 1245 1545 1483 1601; x_wconf 72' lang='lat' dir='ltr'><strong>Quirites·</strong></span> 
     </span>
     <span class='ocr_line' id='line_1_23' title="bbox 438 1610 1477 1664; baseline -0.001 -5"><span class='ocrx_word' id='word_1_148' title='bbox 438 1610 491 1659; x_wconf 90' lang='lat' dir='ltr'>N</span> <span class='ocrx_word' id='word_1_149' title='bbox 491 1627 544 1659; x_wconf 88' lang='lat' dir='ltr'><strong>ec</strong></span> <span class='ocrx_word' id='word_1_150' title='bbox 563 1611 738 1659; x_wconf 82' lang='lat' dir='ltr'><strong>violent</strong></span> <span class='ocrx_word' id='word_1_151' title='bbox 758 1612 959 1658; x_wconf 81' lang='lat' dir='ltr'><strong>lacrimis</strong></span> <span class='ocrx_word' id='word_1_152' title='bbox 979 1612 1168 1659; x_wconf 86' lang='lat' dir='ltr'><strong>numina</strong></span> <span class='ocrx_word' id='word_1_153' title='bbox 1187 1618 1346 1664; x_wconf 76' lang='lat' dir='ltr'><strong>nostra</strong></span> <span class='ocrx_word' id='word_1_154' title='bbox 1366 1612 1477 1659; x_wconf 80' lang='lat' dir='ltr'><strong>suis.</strong></span> 
     </span>
     <span class='ocr_line' id='line_1_24' title="bbox 336 1674 1806 1740; baseline 0.001 -14"><span class='ocrx_word' id='word_1_155' title='bbox 336 1733 342 1740; x_wconf 28' lang='lat'>⁸</span> <span class='ocrx_word' id='word_1_156' title='bbox 372 1676 504 1726; x_wconf 83' lang='lat' dir='ltr'><strong>Tura</strong></span> <span class='ocrx_word' id='word_1_157' title='bbox 519 1676 683 1731; x_wconf 81' lang='lat' dir='ltr'><strong>ferant,</strong></span> <span class='ocrx_word' id='word_1_158' title='bbox 704 1677 974 1738; x_wconf 83' lang='lat' dir='ltr'><strong>placentque</strong></span> <span class='ocrx_word' id='word_1_159' title='bbox 986 1690 1158 1723; x_wconf 84' lang='lat' dir='ltr'><strong>novum</strong></span> <span class='ocrx_word' id='word_1_160' title='bbox 1180 1677 1259 1740; x_wconf 84' lang='lat' dir='ltr'><strong>pia</strong></span> <span class='ocrx_word' id='word_1_161' title='bbox 1277 1676 1416 1724; x_wconf 81' lang='lat' dir='ltr'><strong>turba</strong></span> <span class='ocrx_word' id='word_1_162' title='bbox 1431 1674 1702 1732; x_wconf 67' lang='lat' dir='ltr'><strong>Quirinum</strong></span> <span class='ocrx_word' id='word_1_163' title='bbox 1713 1696 1736 1739; x_wconf 71' lang='grc' dir='ltr'><strong>ς</strong></span> <span class='ocrx_word' id='word_1_164' title='bbox 1805 1711 1806 1736; x_wconf 17' lang='grc' dir='ltr'>ἦ</span> 
     </span>
     <span class='ocr_line' id='line_1_25' title="bbox 441 1740 1345 1803; baseline -0.001 -13"><span class='ocrx_word' id='word_1_165' title='bbox 441 1741 510 1791; x_wconf 86' lang='lat' dir='ltr'><strong>Et</strong></span> <span class='ocrx_word' id='word_1_166' title='bbox 529 1742 695 1803; x_wconf 83' lang='lat' dir='ltr'><strong>patrias</strong></span> <span class='ocrx_word' id='word_1_167' title='bbox 716 1746 836 1787; x_wconf 88' lang='lat' dir='ltr'><strong>artes</strong></span> <span class='ocrx_word' id='word_1_168' title='bbox 857 1740 1158 1801; x_wconf 86' lang='lat' dir='ltr'><strong>militiamque</strong></span> <span class='ocrx_word' id='word_1_169' title='bbox 1178 1742 1345 1789; x_wconf 77' lang='lat' dir='ltr'><strong>colant.</strong></span> 
     </span>
     <span class='ocr_line' id='line_1_26' title="bbox 375 1806 1414 1857; baseline -0.002 -1"><span class='ocrx_word' id='word_1_170' title='bbox 375 1806 410 1857; x_wconf 83' lang='lat' dir='ltr'><strong>J</strong></span> <span class='ocrx_word' id='word_1_171' title='bbox 412 1807 546 1855; x_wconf 72' lang='lat' dir='ltr'><strong>ussit</strong></span> <span class='ocrx_word' id='word_1_172' title='bbox 575 1813 624 1852; x_wconf 89' lang='lat' dir='ltr'><strong>et</strong></span> <span class='ocrx_word' id='word_1_173' title='bbox 642 1806 693 1852; x_wconf 88' lang='lat' dir='ltr'><strong>in</strong></span> <span class='ocrx_word' id='word_1_174' title='bbox 714 1811 876 1852; x_wconf 86' lang='lat' dir='ltr'><strong>tenues</strong></span> <span class='ocrx_word' id='word_1_175' title='bbox 897 1806 1040 1852; x_wconf 81' lang='lat' dir='ltr'><strong>oculis</strong></span> <span class='ocrx_word' id='word_1_176' title='bbox 1060 1807 1248 1853; x_wconf 85' lang='lat' dir='ltr'><strong>evanuit</strong></span> <span class='ocrx_word' id='word_1_177' title='bbox 1266 1821 1414 1855; x_wconf 86' lang='lat' dir='ltr'><strong>auras.</strong></span> 
     </span>
     <span class='ocr_line' id='line_1_27' title="bbox 443 1869 1731 1935; baseline 0.001 -13"><span class='ocrx_word' id='word_1_178' title='bbox 443 1869 683 1922; x_wconf 84' lang='lat' dir='ltr'><strong>Convocat</strong></span> <span class='ocrx_word' id='word_1_179' title='bbox 702 1871 778 1917; x_wconf 87' lang='lat' dir='ltr'><strong>hic</strong></span> <span class='ocrx_word' id='word_1_180' title='bbox 796 1870 1038 1935; x_wconf 84' lang='lat' dir='ltr'><strong>populos,&#39;</strong></span> <span class='ocrx_word' id='word_1_181' title='bbox 1016 1885 1237 1934; x_wconf 66' lang='lat' dir='ltr'><strong>⁴jussuque</strong></span> <span class='ocrx_word' id='word_1_182' title='bbox 1251 1872 1390 1921; x_wconf 77' lang='lat' dir='ltr'><strong>verba</strong></span> <span class='ocrx_word' id='word_1_183' title='bbox 1409 1872 1568 1922; x_wconf 79' lang='lat' dir='ltr'><strong>refert-</strong></span> <span class='ocrx_word' id='word_1_184' title='bbox 1611 1877 1731 1924; x_wconf 82' lang='lat'><strong>510</strong></span> 
     </span>
     <span class='ocr_line' id='line_1_28' title="bbox 376 1933 1806 2001; baseline 0 -14"><span class='ocrx_word' id='word_1_185' title='bbox 376 1937 573 2001; x_wconf 80' lang='lat' dir='ltr'><strong>Templa</strong></span> <span class='ocrx_word' id='word_1_186' title='bbox 593 1935 701 1984; x_wconf 85' lang='lat' dir='ltr'><strong>Deo</strong></span> <span class='ocrx_word' id='word_1_187' title='bbox 721 1933 873 1983; x_wconf 82' lang='lat' dir='ltr'><strong>fiunt:</strong></span> <span class='ocrx_word' id='word_1_188' title='bbox 909 1936 1037 1983; x_wconf 87' lang='lat' dir='ltr'><strong>collis</strong></span> <span class='ocrx_word' id='word_1_189' title='bbox 1057 1953 1239 2000; x_wconf 89' lang='lat' dir='ltr'><strong>quoque</strong></span> <span class='ocrx_word' id='word_1_190' title='bbox 1259 1938 1414 1985; x_wconf 85' lang='lat' dir='ltr'><strong>dietus</strong></span> <span class='ocrx_word' id='word_1_191' title='bbox 1429 1940 1487 1986; x_wconf 90' lang='lat' dir='ltr'><strong>ab</strong></span> <span class='ocrx_word' id='word_1_192' title='bbox 1507 1938 1624 1988; x_wconf 88' lang='lat' dir='ltr'><strong>iuo.</strong></span> <span class='ocrx_word' id='word_1_193' title='bbox 1805 1939 1806 1944; x_wconf 73' lang='grc'>’</span> 
     </span>
     <span class='ocr_line' id='line_1_29' title="bbox 442 2001 1806 2086; baseline 0.001 -34"><span class='ocrx_word' id='word_1_194' title='bbox 442 2003 511 2052; x_wconf 84' lang='lat' dir='ltr'><strong>Et</strong></span> <span class='ocrx_word' id='word_1_195' title='bbox 531 2001 733 2049; x_wconf 83' lang='lat' dir='ltr'><strong>referunt</strong></span> <span class='ocrx_word' id='word_1_196' title='bbox 755 2003 867 2049; x_wconf 86' lang='lat' dir='ltr'><strong>certi</strong></span> <span class='ocrx_word' id='word_1_197' title='bbox 888 2013 1017 2050; x_wconf 84' lang='lat' dir='ltr'><strong>sacra</strong></span> <span class='ocrx_word' id='word_1_198' title='bbox 1036 2010 1226 2065; x_wconf 87' lang='lat' dir='ltr'><strong>paterna</strong></span> <span class='ocrx_word' id='word_1_199' title='bbox 1246 2003 1358 2051; x_wconf 83' lang='lat' dir='ltr'><strong>dies.</strong></span> <span class='ocrx_word' id='word_1_200' title='bbox 1485 2019 1490 2022; x_wconf 91' lang='lat'>·</span> <span class='ocrx_word' id='word_1_201' title='bbox 1805 2023 1806 2086; x_wconf 27' lang='grc' dir='ltr'>χ</span> 
     </span>
     <span class='ocr_line' id='line_1_30' title="bbox 376 2067 1806 2144; baseline 0.001 -28"><span class='ocrx_word' id='word_1_202' title='bbox 376 2067 488 2116; x_wconf 82' lang='lat' dir='ltr'><strong>Lux</strong></span> <span class='ocrx_word' id='word_1_203' title='bbox 501 2083 690 2129; x_wconf 89' lang='lat' dir='ltr'><strong>quoque</strong></span> <span class='ocrx_word' id='word_1_204' title='bbox 710 2082 792 2113; x_wconf 88' lang='lat' dir='ltr'><strong>cur</strong></span> <span class='ocrx_word' id='word_1_205' title='bbox 812 2068 970 2115; x_wconf 87' lang='lat' dir='ltr'><strong>eadem</strong></span> <span class='ocrx_word' id='word_1_206' title='bbox 989 2068 1243 2116; x_wconf 87' lang='lat' dir='ltr'><strong>Stultorum</strong></span> <span class='ocrx_word' id='word_1_207' title='bbox 1261 2068 1384 2116; x_wconf 80' lang='lat' dir='ltr'><strong>festa</strong></span> <span class='ocrx_word' id='word_1_208' title='bbox 1402 2076 1615 2125; x_wconf 80' lang='lat' dir='ltr'><strong>vocetur,</strong></span> <span class='ocrx_word' id='word_1_209' title='bbox 1805 2089 1806 2144; x_wconf 32' lang='grc' dir='ltr'><strong>χ</strong></span> 
     </span>
     <span class='ocr_line' id='line_1_31' title="bbox 378 2133 1806 2197; baseline 0.001 -15"><span class='ocrx_word' id='word_1_210' title='bbox 378 2177 382 2182; x_wconf 87' lang='grc'><em>,</em></span> <span class='ocrx_word' id='word_1_211' title='bbox 442 2133 637 2195; x_wconf 84' lang='lat' dir='ltr'><strong>Accipe·</strong></span> <span class='ocrx_word' id='word_1_212' title='bbox 676 2148 817 2196; x_wconf 84' lang='lat' dir='ltr'><strong>parva</strong></span> <span class='ocrx_word' id='word_1_213' title='bbox 835 2133 1020 2194; x_wconf 83' lang='lat' dir='ltr'><strong>quidem</strong></span> <span class='ocrx_word' id='word_1_214' title='bbox 1043 2149 1213 2191; x_wconf 81' lang='lat' dir='ltr'><strong>caussa,</strong></span> <span class='ocrx_word' id='word_1_215' title='bbox 1238 2135 1317 2182; x_wconf 81' lang='lat' dir='ltr'><strong>sed</strong></span> <span class='ocrx_word' id='word_1_216' title='bbox 1339 2142 1444 2197; x_wconf 83' lang='lat' dir='ltr'><strong>apta</strong></span> <span class='ocrx_word' id='word_1_217' title='bbox 1465 2136 1647 2185; x_wconf 80' lang='lat' dir='ltr'><strong>subest.</strong></span> <span class='ocrx_word' id='word_1_218' title='bbox 1805 2149 1806 2156; x_wconf 59' lang='lat'>¹</span> 
     </span>
     <span class='ocr_line' id='line_1_32' title="bbox 377 2197 1806 2261; baseline 0.001 -14"><span class='ocrx_word' id='word_1_219' title='bbox 377 2197 493 2247; x_wconf 77' lang='lat' dir='ltr'><strong>Non</strong></span> <span class='ocrx_word' id='word_1_220' title='bbox 513 2198 668 2245; x_wconf 88' lang='lat' dir='ltr'><strong>habuit</strong></span> <span class='ocrx_word' id='word_1_221' title='bbox 689 2198 823 2247; x_wconf 85' lang='lat' dir='ltr'><strong>tellus</strong></span> <span class='ocrx_word' id='word_1_222' title='bbox 841 2198 1001 2247; x_wconf 82' lang='lat' dir='ltr'><strong>doctos</strong></span> <span class='ocrx_word' id='word_1_223' title='bbox 1024 2201 1209 2261; x_wconf 86' lang='lat' dir='ltr'><strong>antiqua</strong></span> <span class='ocrx_word' id='word_1_224' title='bbox 1231 2200 1449 2247; x_wconf 87' lang='lat' dir='ltr'><strong>colonos·</strong></span> <span class='ocrx_word' id='word_1_225' title='bbox 1805 2201 1806 2254; x_wconf 50' lang='grc' dir='ltr'>ᾗ</span> 
     </span>
     <span class='ocr_line' id='line_1_33' title="bbox 442 2259 1806 2328; baseline -0.002 -15"><span class='ocrx_word' id='word_1_226' title='bbox 442 2263 698 2313; x_wconf 81' lang='lat' dir='ltr'><strong>Lassabant</strong></span> <span class='ocrx_word' id='word_1_227' title='bbox 717 2264 860 2327; x_wconf 84' lang='lat' dir='ltr'><strong>agiles</strong></span> <span class='ocrx_word' id='word_1_228' title='bbox 881 2279 1040 2328; x_wconf 81' lang='lat' dir='ltr'><strong>aspera</strong></span> <span class='ocrx_word' id='word_1_229' title='bbox 1058 2265 1176 2313; x_wconf 80' lang='lat' dir='ltr'><strong>bena</strong></span> <span class='ocrx_word' id='word_1_230' title='bbox 1195 2266 1333 2313; x_wconf 85' lang='lat' dir='ltr'><strong>viros.</strong></span> <span class='ocrx_word' id='word_1_231' title='bbox 1805 2259 1806 2310; x_wconf 55' lang='lat'>1</span> 
     </span>
     <span class='ocr_line' id='line_1_34' title="bbox 377 2327 1549 2393; baseline 0.001 -15"><span class='ocrx_word' id='word_1_232' title='bbox 377 2329 494 2379; x_wconf 92' lang='lat' dir='ltr'><strong>Plus</strong></span> <span class='ocrx_word' id='word_1_233' title='bbox 515 2336 613 2377; x_wconf 83' lang='lat' dir='ltr'><strong>erat</strong></span> <span class='ocrx_word' id='word_1_234' title='bbox 631 2329 678 2377; x_wconf 88' lang='lat' dir='ltr'><strong>in</strong></span> <span class='ocrx_word' id='word_1_235' title='bbox 700 2329 867 2393; x_wconf 86' lang='lat' dir='ltr'><strong>gladio,</strong></span> <span class='ocrx_word' id='word_1_236' title='bbox 889 2327 1025 2392; x_wconf 70' lang='lat' dir='ltr'><strong>quam</strong></span> <span class='ocrx_word' id='word_1_237' title='bbox 1046 2345 1187 2378; x_wconf 76' lang='lat' dir='ltr'><strong>curvo</strong></span> <span class='ocrx_word' id='word_1_238' title='bbox 1207 2331 1353 2378; x_wconf 85' lang='lat' dir='ltr'><strong>laudis</strong></span> <span class='ocrx_word' id='word_1_239' title='bbox 1372 2336 1549 2380; x_wconf 76' lang='lat' dir='ltr'><strong>aratro·</strong></span> 
     </span>
     <span class='ocr_line' id='line_1_35' title="bbox 445 2391 1410 2459; baseline 0 -16"><span class='ocrx_word' id='word_1_240' title='bbox 445 2394 702 2459; x_wconf 82' lang='lat' dir='ltr'><strong>Neglectus</strong></span> <span class='ocrx_word' id='word_1_241' title='bbox 724 2396 908 2444; x_wconf 88' lang='lat' dir='ltr'><strong>domino</strong></span> <span class='ocrx_word' id='word_1_242' title='bbox 930 2411 1074 2459; x_wconf 85' lang='lat' dir='ltr'><strong>pauca</strong></span> <span class='ocrx_word' id='word_1_243' title='bbox 1093 2391 1264 2443; x_wconf 82' lang='lat' dir='ltr'><strong>ferebat</strong></span> <span class='ocrx_word' id='word_1_244' title='bbox 1286 2411 1410 2458; x_wconf 84' lang='lat' dir='ltr'><strong>ager.</strong></span> 
     </span>
     <span class='ocr_line' id='line_1_36' title="bbox 378 2459 1572 2525; baseline 0.002 -17"><span class='ocrx_word' id='word_1_245' title='bbox 378 2459 521 2509; x_wconf 79' lang='lat' dir='ltr'><strong>Farra</strong></span> <span class='ocrx_word' id='word_1_246' title='bbox 541 2468 694 2509; x_wconf 86' lang='lat' dir='ltr'><strong>tamen</strong></span> <span class='ocrx_word' id='word_1_247' title='bbox 714 2469 892 2510; x_wconf 84' lang='lat' dir='ltr'><strong>veteres</strong></span> <span class='ocrx_word' id='word_1_248' title='bbox 905 2462 1145 2525; x_wconf 82' lang='lat' dir='ltr'><strong>jaciebant,</strong></span> <span class='ocrx_word' id='word_1_249' title='bbox 1168 2461 1290 2512; x_wconf 80' lang='lat' dir='ltr'><strong>farra</strong></span> <span class='ocrx_word' id='word_1_250' title='bbox 1308 2463 1572 2510; x_wconf 80' lang='lat' dir='ltr'><strong>metebant.</strong></span> 
     </span>
     <span class='ocr_line' id='line_1_37' title="bbox 445 2525 1730 2579; baseline 0 -5"><span class='ocrx_word' id='word_1_251' title='bbox 445 2525 677 2574; x_wconf 71' lang='lat' dir='ltr'><strong>Primitiae</strong></span> <span class='ocrx_word' id='word_1_252' title='bbox 693 2526 851 2577; x_wconf 82' lang='lat' dir='ltr'><strong>Cereri</strong></span> <span class='ocrx_word' id='word_1_253' title='bbox 867 2526 992 2578; x_wconf 81' lang='lat' dir='ltr'><strong>farra</strong></span> <span class='ocrx_word' id='word_1_254' title='bbox 1012 2533 1186 2575; x_wconf 86' lang='lat' dir='ltr'><strong>resecta</strong></span> <span class='ocrx_word' id='word_1_255' title='bbox 1204 2527 1382 2574; x_wconf 80' lang='lat' dir='ltr'><strong>dabant.</strong></span> <span class='ocrx_word' id='word_1_256' title='bbox 1618 2533 1730 2579; x_wconf 76' lang='lat'><strong>520</strong></span> 
     </span>
     <span class='ocr_line' id='line_1_38' title="bbox 383 2589 1462 2651; baseline 0 -11"><span class='ocrx_word' id='word_1_257' title='bbox 383 2590 559 2640; x_wconf 80' lang='lat' dir='ltr'><strong>Usibus</strong></span> <span class='ocrx_word' id='word_1_258' title='bbox 577 2593 795 2641; x_wconf 82' lang='lat' dir='ltr'><strong>admoniti</strong></span> <span class='ocrx_word' id='word_1_259' title='bbox 815 2591 1013 2640; x_wconf 84' lang='lat' dir='ltr'><strong>flammis</strong></span> <span class='ocrx_word' id='word_1_260' title='bbox 1032 2592 1247 2639; x_wconf 81' lang='lat' dir='ltr'><strong>torrenda</strong></span> <span class='ocrx_word' id='word_1_261' title='bbox 1268 2589 1462 2651; x_wconf 68' lang='lat' dir='ltr'><strong>dedere3</strong></span> 
     </span>
     <span class='ocr_line' id='line_1_39' title="bbox 446 2657 1372 2722; baseline -0.002 -16"><span class='ocrx_word' id='word_1_262' title='bbox 446 2657 689 2722; x_wconf 81' lang='lat' dir='ltr'><strong>Multaque</strong></span> <span class='ocrx_word' id='word_1_263' title='bbox 707 2664 895 2721; x_wconf 81' lang='lat' dir='ltr'><strong>peccato</strong></span> <span class='ocrx_word' id='word_1_264' title='bbox 916 2658 1083 2706; x_wconf 82' lang='lat' dir='ltr'><strong>damna</strong></span> <span class='ocrx_word' id='word_1_265' title='bbox 1104 2657 1251 2706; x_wconf 83' lang='lat' dir='ltr'><strong>tulere</strong></span> <span class='ocrx_word' id='word_1_266' title='bbox 1271 2672 1372 2705; x_wconf 82' lang='lat' dir='ltr'><strong>suo.</strong></span> 
     </span>
    </p>
   </div>
   <div class='ocr_carea' id='block_1_5' title="bbox 1799 853 1812 1864">
    <p class='ocr_par' dir='ltr' id='par_1_5' title="bbox 1799 853 1812 1864">
     <span class='ocr_line' id='line_1_40' title="bbox 1799 853 1812 1864; baseline 0 0"><span class='ocrx_word' id='word_1_267' title='bbox 1799 853 1812 1864; x_wconf 95' lang='lat' dir='ltr'><strong> </strong></span> 
     </span>
    </p>
   </div>
  </div>
 </body>
</html>
