1842 2966
498 175 504 181 ,
560 126 579 133 ··
618 116 965 168 TRISTIUM
998 119 1106 169 Lu.
1128 119 1197 168 11.
1343 180 1348 185 ⁴
1478 124 1571 169 165

208 251 325 300 Hic
347 251 428 299 tibi
450 251 516 297 sic
539 251 693 298 redeat
713 257 924 314 superato
940 252 1092 298 victor
1111 252 1167 298 ab
1187 252 1318 299 hoste
1325 268 1343 311 3

293 314 444 378 Inque
466 317 691 363 coronatis
712 315 887 378 fulgeat
908 316 1026 363 altus
1048 317 1174 376 equis
1192 334 1208 374 ;

209 380 389 437 Parce,
412 397 595 443 precor:
623 381 888 442 fulmenque
909 389 1053 437 tuum,
1075 381 1172 428 fera
1186 383 1288 437 tela,
1313 383 1520 437 reconde,

296 445 410 492 Heu
433 445 623 493 nimium
643 447 810 494 misero
833 448 1019 509 cognita
1039 447 1130 493 tela
1149 447 1286 494 mihi!
1479 451 1576 494 180

212 510 389 567 Parce,
416 511 555 558 Pater
571 510 763 559 Patriae:
792 527 879 559 nec
901 512 1099 559 nominis
1119 512 1357 559 immemor
1376 514 1510 574 hujus

292 576 423 623 Olim
445 577 650 639 placandi
672 593 798 640 spem
821 578 932 624 mihi
954 577 1064 624 tolle
1085 577 1167 623 tui.

216 641 335 689 Nec
359 657 533 704 precor,
558 649 608 689 ut
630 642 809 689 redeam
829 659 840 689 z
874 644 1081 703 quamvis
1101 643 1276 705 majora
1294 642 1448 705 petitis

297 700 529 755 Credibile
551 716 622 754 est
641 724 836 771 magnos
857 722 981 770 saepe
1002 708 1180 755 dedisse
1200 706 1350 755 Deos.

222 772 402 821 Mitius
426 773 636 819 exsilium
659 775 696 821 si
721 774 814 829 das,
837 774 1109 836 propiusque
1131 774 1312 854 roganti
1329 791 1347 832 ς

297 836 417 885 Pars
440 839 524 899 erit
553 835 579 885 ὲ
601 836 741 900 poena
761 853 930 902 magna
947 839 1099 886 levata
1119 855 1235 887 mea.

226 902 421 951 tntima·
437 905 675 966 perpetior,
698 905 872 952 medios
886 905 1116 968 projectus
1138 906 1186 951 in
1208 906 1391 953 hostesz

256 998 261 1005 ‹
296 967 405 1016 Nec
427 970 664 1030 quisquam
686 968 832 1032 patriai
849 968 1034 1033 longius
1056 971 1186 1017 exsul
1209 971 1348 1017 abest.

229 1033 374 1082 Solus
390 1035 447 1081 ad
468 1050 680 1096 egressus
701 1037 868 1082 missus
889 1037 1193 1099 septemplicis
1216 1034 1340 1092 Istri,

297 1098 555 1147 Parrhasiae
577 1101 731 1162 gelido
752 1101 943 1163 virginis
967 1117 1053 1148 axe
1072 1117 1268 1163 premor.
1491 1102 1587 1149 190

227 1163 263 1215 J
265 1180 459 1227 azyges,
484 1175 531 1214 et
554 1165 730 1222 Colchi,
756 1165 1056 1226 Metereaque
1077 1167 1221 1222 turba,
1247 1166 1488 1227 Getaeque,

300 1230 506 1277 Danubii
527 1232 687 1278 mediis
708 1233 788 1279 vix
808 1232 1104 1294 prohibentur
1116 1232 1258 1293 aquis.

234 1294 453 1359 Cfimque
475 1297 549 1344 alii
571 1295 732 1345 caussis
752 1297 832 1344 tibi
853 1297 946 1343 sint
967 1297 1178 1358 graviore
1192 1297 1354 1358 fugati,

303 1360 513 1408 Ulterior
534 1362 659 1417 nulli,
684 1359 820 1423 quam
842 1362 967 1416 mihi,
985 1368 1105 1408 terra
1122 1362 1227 1408 data
1241 1368 1325 1407 est.

231 1425 449 1491 Longius
470 1426 555 1474 hac
578 1426 692 1474 nihil
713 1435 796 1482 est,
819 1427 905 1474 nisi
928 1422 1105 1474 tantum
1127 1425 1275 1490 frigus
1290 1431 1338 1472 et
1357 1425 1501 1473 hostis
1518 1441 1535 1483 ς

302 1492 373 1541 Et
392 1496 529 1540 maris
544 1495 761 1542 adstricto
781 1509 885 1555 quae
901 1494 997 1539 co'it
1018 1493 1141 1538 unda
1160 1493 1285 1554 gelu.

232 1558 482 1616 Hactenus
502 1559 678 1607 Euxini
699 1574 803 1622 pars
825 1566 896 1606 est
917 1558 1132 1605 Romana
1154 1556 1353 1604 sinistri:

308 1623 528 1672 Proxima
549 1623 789 1673 Basternae
814 1624 1186 1685 Sauromataeque
1207 1628 1380 1669 tenent.

237 1690 365 1739 Haec
389 1698 461 1737 est
482 1689 693 1738 Ausonio
716 1692 798 1739 sub
809 1690 917 1753 jure
939 1690 1200 1743 novissima,
1222 1689 1393 1750 vixque

306 1754 475 1803 Haeret
496 1756 543 1802 in
565 1757 740 1819 imperii
763 1757 972 1818 margine
988 1764 1110 1802 terra
1131 1755 1212 1802 tui.
1481 1754 1583 1799 200

237 1820 384 1869 Unde
403 1837 566 1883 precor
587 1822 776 1885 supplex
798 1829 850 1868 ut
870 1837 956 1868 nos
977 1822 1025 1868 in
1047 1828 1146 1867 tuta
1167 1820 1364 1883 relegesz

232 1909 239 1918 ν
307 1885 388 1934 Ne
411 1886 471 1933 sit
492 1902 595 1934 cum
617 1885 873 1950 patrifi'pax
894 1902 1073 1949 quoque
1095 1887 1246 1933 demta
1267 1885 1402 1932 mihi:

239 1950 321 1999 Ne
343 1953 528 2000 timeam
550 1959 728 2015 gentes,
752 1967 864 2013 quas
886 1968 980 1999 non
1000 1953 1117 1999 bene
1140 1952 1376 1998 submovet
1399 1947 1550 1995 Isterz

310 2015 450 2064 Neve
470 2025 576 2065 tuus
596 2018 766 2079 possim
789 2018 902 2065 civis
925 2018 979 2064 ab
1001 2018 1132 2064 hoste
1153 2018 1266 2079 capi.

242 2082 339 2132 'Fas
360 2084 567 2145 prohibet
582 2082 719 2131 Latio
741 2098 1013 2145 quemquam
1036 2082 1093 2129 de
1115 2082 1337 2143 sanguine
1357 2087 1530 2136 natum,

313 2145 573 2197 Caesaribus
596 2150 747 2204 salvis,
769 2149 955 2196 barbara
974 2148 1125 2195 vincla
1139 2148 1245 2210 pati.

247 2212 537 2268 Perdiderint
557 2211 660 2261 clim
683 2230 758 2261 me
779 2214 869 2262 duo
891 2214 1091 2269 crimina,
1115 2228 1296 2259 carmen
1319 2218 1367 2259 et
1388 2225 1546 2268 error3

317 2279 523 2326 Alterius
543 2279 648 2327 facti
671 2280 803 2342 culpa
824 2279 997 2326 silenda
1017 2280 1142 2326 mihi.

248 2344 375 2395 Nam
400 2359 494 2390 non
516 2360 619 2394 sum
631 2346 759 2400 tanti,
782 2353 834 2392 ut
856 2360 1070 2392 renovem
1090 2351 1168 2391 tua
1179 2343 1380 2399 vulnera,
1406 2339 1596 2397 Caesar3

316 2408 470 2465 Quem
494 2411 634 2457 nimio
656 2411 759 2472 plus
781 2417 851 2457 est
866 2410 1113 2457 indoluisse
1134 2408 1287 2456 semel.
1499 2408 1599 2454 210

249 2473 413 2523 Altera
433 2490 538 2537 pars
561 2483 790 2537 superestz
831 2474 921 2536 qud
942 2476 1061 2537 turpi
1084 2475 1272 2521 crimine
1293 2479 1442 2520 tactus

317 2542 506 2603 Arguor
529 2541 726 2588 obscaeni
743 2541 900 2588 doctor
921 2540 1142 2587 adulterii.

252 2604 346 2655 Fas
367 2620 480 2668 ergo
501 2615 574 2654 est
595 2604 744 2668 aliqua
763 2606 969 2653 coelestia
988 2611 1175 2667 pectora
1194 2604 1318 2662 saun

317 2670 386 2724 Et
404 2679 521 2726 sunt⁴
534 2670 698 2722 notitia
719 2671 863 2720 multa
882 2671 1061 2720 minora
1079 2667 1191 2739 tuti?
