1842 2966
557 180 905 233 m1sTmM
938 183 1045 233 Lu.
1067 184 1157 237 IV.
1193 190 1239 238 ⁷.
1271 173 1284 180 “
1464 198 1556 243 211

211 317 333 368 Fert
352 317 468 364 bene
487 313 743 378 praecipites
762 314 892 361 navis
912 312 1049 364 modo
1068 315 1189 366 facta
1206 320 1451 381 procellas:

285 381 546 437 Quamlibet
567 381 736 442 exiguo
757 379 949 425 solvitur
968 381 1110 430 imbre
1131 390 1276 433 vetus.

206 447 320 496 Nos
341 460 533 508 quoque,
548 459 654 506 quae
673 443 873 498 ferimus,
896 445 1083 493 tulhnus
1104 446 1347 509 patientius
1366 451 1497 514 ant&

281 512 348 560 Et
372 512 488 558 mala
510 517 616 556 sunt
637 509 777 570 longo
795 509 1091 571 multiplicata
1111 511 1197 560 die.

207 576 415 631 Credite,
440 573 611 629 deficio,
635 581 879 634 nostroque
898 571 936 628 a,
948 589 1148 637 corpore,
1172 585 1389 637 quantum

276 643 509 704 Auguror,
526 639 747 686 accedunt
766 646 973 701 tempora·
988 654 1127 700 parva
1147 642 1291 691 malis.
1484 654 1553 697 40

197 706 335 755 Nam
359 720 504 766 neque
526 712 632 752 sunt
654 704 785 772 vireu³
818 718 964 764 neque
985 705 1061 766 qui
1084 705 1209 754 color
1229 723 1331 756 esse
1352 711 1544 762 solebat:

270 770 458 831 Vixque
479 769 620 826 habeo
642 775 839 824 tenuem,
861 784 968 830 quae
989 777 1118 832 tegat
1139 788 1256 829 ossa,
1280 782 1447 834 cutem,

196 834 415 898 Corpore
437 834 515 882 sed
537 848 667 880 mens
689 841 759 879 est
780 848 907 895 aegro
930 835 1078 897 magis
1094 851 1232 900 aegra,
1255 840 1453 905 malique

270 900 336 947 In
358 900 684 960 circumspectu
706 904 796 945 stat
815 899 913 945 sine
934 898 1025 946 fine
1041 902 1124 949 sui.

196 965 350 1013 Urbis
370 964 494 1011 abest
514 962 666 1017 facies,
682 964 862 1021 ,absumo
885 979 990 1017 mea
1010 979 1131 1023 cura,
1155 968 1360 1019 sodales:

265 1029 349 1086 Et,
373 1027 463 1089 qua
483 1027 608 1075 nulla
626 1028 734 1073 mihi
757 1029 916 1085 carior,
940 1044 1056 1078 uxor
1078 1032 1219 1083 abest.

190 1093 391 1157 Vulgus
409 1093 536 1144 adast
557 1092 838 1154 Scythicum,
859 1095 1154 1158 braccataque
1168 1099 1551 1154 turbaGeurum.

266 1160 348 1207 Sic
369 1155 488 1205 male
509 1172 612 1219 quae
632 1158 778 1213 video,
801 1173 894 1210 non
910 1160 1144 1221 videoque,
1168 1173 1350 1215 nocent.

194 1224 319 1274 Una
338 1230 488 1272 tamen
508 1238 612 1285 spes
634 1230 717 1277 est,
739 1238 842 1284 quae
857 1239 934 1271 me
956 1226 1124 1272 soletur
1146 1228 1193 1274 in
1217 1230 1345 1289 istiu

266 1287 393 1340 Haec
413 1286 511 1335 fore
527 1293 673 1335 morte
694 1286 797 1334 mea
816 1302 908 1335 non
931 1289 1143 1339 diuturna
1165 1293 1297 1342 mala.
1350 1309 1354 1314 ’
1477 1299 1545 1346 50

650 1481 917 1532 ELEGIA
953 1482 1075 1531 VII.

192 1615 292 1665 Bis
314 1628 388 1662 me
408 1613 478 1662 sol
498 1613 606 1661 adiit
624 1612 788 1675 gelidae
809 1619 913 1675 post
932 1612 1104 1677 frigora
1123 1614 1310 1675 brumae,

262 1679 436 1741 Bisque
457 1693 588 1726 suum
607 1684 730 1725 tacto
754 1676 889 1726 Pisce
907 1681 1086 1742 peregit
1106 1681 1205 1730 iter.

188 1744 426 1808 Tempore
446 1752 540 1791 tam
560 1743 703 1806 longo
724 1758 806 1790 cur
825 1759 919 1791 non
941 1751 1021 1792 tua
1040 1746 1237 1804 dextera,
1259 1763 1420 1799 versus

264 1809 523 1865 Quamlibet
543 1810 590 1855 in
610 1823 790 1871 paucos,
814 1808 1017 1857 officiosa
1033 1809 1156 1859 fuit?

195 1873 299 1925 Cur
319 1882 398 1922 tua
417 1874 611 1922 cessavit
630 1873 787 1935 pietas,
809 1874 1105 1923 scribentibus
1124 1876 1226 1932 illis,

258 1939 475 2002 Exiguus
497 1939 625 1986 nobis
647 1953 751 1986 cum
773 1939 934 1999 quibus
954 1954 1064 1988 usus
1085 1941 1220 1989 erat?

195 2004 308 2060 Cur,
333 2005 509 2066 quoties
530 2003 662 2052 alicui
683 2004 852 2052 ehartae
874 2019 958 2052 sua
977 2006 1159 2054 vincula
1180 2006 1336 2064 demsi,

260 2069 394 2118 Illam
417 2069 590 2132 speravi
612 2083 779 2117 nomen
799 2069 962 2117 habere
976 2078 1105 2118 tuum
1119 2070 1143 2116 ?

190 2135 263 2185 Di
283 2135 462 2192 saciant,
480 2142 532 2182 ut
552 2149 675 2197 saepe
696 2131 774 2181 tui
790 2135 848 2182 sit
869 2135 1058 2198 epistola
1079 2135 1241 2184 dextri

260 2200 451 2264 Scripta,
466 2200 548 2247 sed
569 2197 600 2246 ὲ
612 2199 769 2246 multis
790 2200 962 2248 reddita
973 2200 1107 2249 'nulla
1126 2201 1259 2250 mihi!
1469 2209 1533 2254 10

193 2265 336 2321 Quod
354 2279 526 2326 precor,
551 2279 651 2312 esse
673 2265 826 2325 liquet.
860 2262 1056 2313 Credam
1077 2264 1200 2328 prius
1222 2281 1302 2315 ora
1316 2266 1531 2320 Medum

259 2330 494 2393 Gorgonis
514 2329 752 2393 anguineis
773 2329 919 2376 cincta
938 2328 1078 2378 fuisse
1099 2332 1265 2379 comisz

191 2394 314 2446 Esse
335 2410 470 2444 canes
493 2402 621 2442 utero
643 2394 726 2442 sub
746 2394 959 2457 virginis:
986 2410 1088 2443 esse
1110 2394 1399 2453 Chimaeram,

257 2460 316 2508 A*
340 2468 467 2509 truce
488 2475 592 2522 quae
614 2459 809 2509 flammis
830 2466 1008 2521 separet
1027 2474 1175 2522 angue
1196 2461 1340 2509 leam:
1404 2460 1523 2526 [tosz

193 2525 605 2588 Quadrupedesque
617 2526 852 2572 hominum
868 2538 974 2570 cum
993 2530 1175 2587 pectore
1194 2533 1381 2588 pectora
1388 2529 1525 2590 junc-

255 2588 675 2653 Tergeminumque
694 2590 856 2644 virum,
878 2591 1269 2653 tergeminumque
1286 2606 1471 2641 canem:

193 2656 496 2720 Sphingaque,
513 2663 562 2704 et
578 2653 825 2717 Harpyias,
841 2655 1259 2716 serpentipedesque
1271 2655 1519 2716 Gigantum

263 2718 676 2784 Centimanumque
698 2719 885 2784 Gygen,
907 2719 1272 2783 semibovemque
1293 2720 1453 2783 virum.
