1842 2966
309 142 374 188 9⁸
636 136 706 186 Ρ.
740 135 976 185 ovum
1008 100 1334 189 NAsol-us'

307 267 563 331 Exagitant
579 275 626 315 et
641 267 748 324 Lar,
766 277 813 316 et
827 271 958 317 turba
979 268 1162 325 Diania,
1184 268 1309 318 fures
1323 289 1337 318 ε

376 333 747 397 Pei-vigilantque
768 334 928 391 Lares,
949 335 1309 398 pervigilantque
1328 352 1484 387 canes.
1501 362 1520 373 ν

309 398 430 447 Bina
449 400 747 462 gemellorum
768 402 1024 462 quaerebam
1046 400 1181 461 signa
1202 400 1428 460 Deorum,

376 463 563 512 Viribus
583 470 770 512 a'nnosae
789 466 912 513 facta
933 466 1102 512 caduca
1116 481 1261 514 morae
1277 485 1291 513 ς

309 529 448 578 Mille
470 530 626 586 Lares,
653 532 945 593 Geniumque
965 531 1105 585 ducis,
1119 532 1200 592 qui
1221 533 1404 580 tradidit
1423 533 1560 591 illos,

378 595 502 643 Urbs
522 598 667 652 habet,
691 604 740 644 et
754 597 844 644 vici
865 597 1055 644 numina
1067 597 1189 644 trina
1209 598 1381 645 colunt.

311 659 420 716 Qu&
439 662 561 709 feror
573 662 597 708 ἲ
619 664 862 724 Augustus
882 663 1054 709 mensis
1075 663 1185 715 mibi
1207 664 1419 710 carminis
1434 665 1590 729 huJus

322 750 329 755 ¹
373 726 462 776 Jus
483 729 618 775 dabit.
661 726 848 774 Interea
869 726 999 774 Diva
1018 728 1222 774 canenda
1243 727 1378 777 Bona
1391 737 1477 777 est.

307 790 399 841 Est
420 793 565 841 moles
581 794 762 840 nativa:
790 792 894 839 loco
917 808 991 839 res
1014 793 1198 840 nomina
1216 792 1340 841 feeit.

372 859 620 921 Adpellant
642 872 829 904 saxum:
856 873 963 919 pars
976 859 1096 905 bona
1114 859 1285 906 montis
1304 874 1360 907 ea
1373 867 1458 908 est.
1577 865 1695 911 150

309 921 437 973 Huic
461 923 638 970 Remus
660 923 885 970 institerat
902 921 1083 977 frustra,
1106 940 1197 986 quo
1218 931 1424 988 tempore
1438 924 1584 974 fratri

375 988 531 1036 Prima
553 987 776 1035 Palatinae
798 989 931 1050 signa
952 989 1141 1036 dedistis
1161 1005 1285 1037 aves.

306 1052 503 1114 Templa
524 1051 686 1100 Patres
706 1053 811 1110 illic,
835 1054 993 1101 oculos
1014 1068 1153 1102 exosa
1172 1055 1339 1112 viriles,

374 1117 565 1165 Lenitei·
586 1119 749 1169 adclivi
770 1117 1050 1167 constituere
1061 1120 1195 1182 jugo.

307 1182 508 1232 Dedicat
529 1185 630 1231 haec
650 1185 817 1232 veteris
839 1183 1112 1233 Clausorum
1134 1185 1333 1233 nominis
1354 1185 1500 1243 heres,

373 1247 597 1312 Virgineo
614 1249 789 1296 nullum
811 1266 1000 1312 corpore
1019 1265 1152 1312 passa
1164 1251 1330 1297 virum.

309 1312 447 1362 Livia
468 1315 689 1374 restituit3
712 1331 771 1362 ne
794 1331 887 1363 non
909 1317 1084 1363 imitata
1102 1314 1315 1363 maritum

284 1390 313 1427 e
373 1378 526 1436 Esset,
551 1387 598 1428 et
614 1395 674 1427 ex
695 1382 821 1428 omni
840 1388 972 1444 parte
995 1387 1151 1429 secuta
1170 1382 1336 1429 virum.

308 1443 539 1495 Posuna
559 1444 665 1495 cum
687 1462 863 1495 roseam
883 1447 1027 1512 pulsis
1049 1445 1334 1510 Hyperionis
1356 1447 1490 1498 astris

374 1510 433 1560 In
446 1514 681 1561 matutinis
700 1514 910 1577 lampada
929 1514 1050 1561 tollit
1070 1514 1229 1574 equis;
1563 1519 1669 1565 160

306 1576 384 1627 Fr·
422 1581 433 1593 '
467 1594 522 1627 us
544 1579 769 1641 Argestes
790 1594 993 1626 summas
1013 1579 1228 1626 mulcebit
1248 1578 1420 1633 aristas,

478 1645 670 1704 didaque
688 1641 716 1690 ὲ
739 1642 944 1692 Calabris
963 1644 1067 1691 vela
1085 1643 1311 1691 dabuntur
1324 1645 1468 1705 aquis.

306 1706 378 1758 At
399 1709 534 1757 simul
555 1709 776 1755 inducunt
796 1709 995 1756 obscura·
1007 1709 1272 1771 crepuscula
1290 1717 1488 1769 noctua,

372 1772 490 1821 Pars
512 1772 734 1836 Hyadum
752 1778 852 1821 toto
873 1774 1085 1836 degrege
1105 1774 1236 1821 nulla
1249 1775 1376 1822 latet.

307 1837 406 1888 Ora
425 1839 594 1887 micant
615 1837 758 1886 Tauri
780 1844 956 1901 septem
971 1839 1191 1888 radiantia
1211 1838 1424 1897 flammis,

371 1903 547 1953 Navita
568 1919 680 1967 quas
704 1903 898 1966 Hyadas
920 1905 1092 1968 Graius
1108 1906 1165 1953 ab
1182 1906 1327 1953 imbre
1347 1911 1499 1955 vocat.

306 1968 423 2019 Pars
444 1968 679 2019 Bacchum
701 1970 897 2018 nutrisse
915 1978 1107 2032 putantt
1134 1986 1240 2033 pars
1261 1970 1567 2021 crediditesse

369 2034 582 2097 Tethyos
595 2037 678 2087 has
698 2042 869 2097 neptes,
893 2034 1155 2098 Oceanique
1171 2037 1308 2083 senis.

189 2078 199 2085 ²
303 2099 527 2149 Nondum
550 2102 695 2149 stabat
714 2101 863 2156 Atlas,
884 2101 1096 2149 humeros
1112 2109 1327 2149 oneratus
1349 2099 1582 2166 Olymp03

373 2163 497 2215 cum
520 2165 646 2213 satus
667 2172 738 2213 est
758 2164 906 2213 forma
927 2167 1269 2229 conspiciendus
1291 2165 1445 2229 Hyas.
1551 2171 1647 2220 170

306 2230 454 2279 Hunc
476 2231 611 2294 stirps
632 2230 805 2278 Oceani
820 2234 1010 2279 maturis
1030 2233 1202 2280 nisibus
1222 2231 1393 2279 AEthra

369 2295 543 2352 Edidit,
565 2302 617 2344 et
631 2295 903 2360 Nymphas:
930 2298 1148 2360 sedpriot
1168 2296 1465 2359 ortus‘Hyas.

302 2360 440 2411 Dum
462 2374 585 2408 nova
602 2362 796 2425 hnugo;
817 2363 1008 2426 pavidos
1026 2363 1268 2411 formidine
1289 2378 1455 2412 cervos

373 2425 568 2484 Terret3
591 2434 639 2474 et
652 2434 725 2475 est
737 2427 803 2474 illi
822 2428 980 2491 praeda
996 2429 1196 2492 benigna
1213 2428 1356 2492 lepus·

306 2488 378 2540 At
395 2498 636 2558 postquam
656 2494 804 2541 virtus
824 2493 955 2541 annis
974 2493 1201 2552 adolevit3
1224 2495 1271 2541 in
1286 2507 1422 2557 apros

373 2556 542 2615 Audet,
566 2565 614 2605 et
634 2559 830 2607 hirsutas
844 2559 1052 2607 cominus
1071 2560 1139 2607 ire
1157 2559 1268 2607 less.

306 2619 1516 2687 Dumquepetitlstebrnsfoetaecatulosqueleaenoe3
1595 2639 1604 2646 ·

374 2685 483 2752 Ipse
502 2687 591 2738 fuit
609 2687 800 2752 Libycae
818 2690 974 2756 praeda
992 2696 1182 2740 cruenta
1199 2689 1323 2740 ferae.
