1842 2966
529 108 913 188 turonum
945 133 1054 185 Lu.
1076 133 1120 185 1.
1471 136 1504 182 ο

132 270 172 322 J
234 270 324 318 ‘ter
347 270 396 317 in
414 276 545 335 parte
564 277 650 318 est.
701 267 841 333 Cepit
859 269 988 316 locus
1011 282 1129 315 unus
1152 272 1428 328 utrumque:

243 342 474 396 unctaque
495 343 604 383 sunt
623 350 794 399 magno
816 334 986 396 templa
1006 333 1185 397 nepotis
1207 348 1310 380 avo.

142 400 287 457 Qun>
306 408 433 449 vetat
454 408 503 448 et
522 401 688 456 stellas,
711 408 765 448 ut
784 412 979 462 quaeque
1000 401 1229 460 oriturque
1251 396 1471 459 caditque,

90 500 101 507 κ
210 466 387 514 Dicere
400 466 424 511 ’ἒ
457 467 665 528 promissi
686 481 788 529 pars
813 466 872 513 sit
893 473 942 512 et
962 465 1051 511 ista
1072 465 1177 510 mei.

141 530 328 581 Felices
350 533 539 587 animos,
561 532 721 593 quibus
743 532 842 578 haec
865 544 1145 593 cognoscere
1165 529 1337 591 primiS,

90 603 95 608 ‘
211 594 366 658 Inque
388 597 547 645 domos
569 612 753 661 superas
766 596 993 644 scandere
1016 609 1126 641 cura
1144 593 1254 642 fuit!

145 661 383 714 Credibile
402 670 473 709 est
493 662 595 710 illos
616 663 784 725 pariter
803 662 1016 723 vitiisque
1036 659 1239 721 locisque

213 727 372 775 Altius
392 728 600 774 humanis
621 728 874 776 exseruisse
895 731 1044 789 caput.
1402 724 1506 770 500

143 792 267 841 Non
290 792 453 841 Venus
474 800 524 840 et
541 794 700 841 vinum
723 793 930 840 sublimia
949 800 1135 854 pectora
1155 788 1310 853 fregit,

215 858 494 906 Officiumve
514 857 614 915 fori,
636 859 870 906 militiaeve
888 857 1035 905 labor.

144 924 258 973 Nec
278 923 613 979 levis-ambitio,
635 922 906 987 perfusaque
926 923 1074 985 gloria
1093 920 1214 977 fuco,

217 988 560 1050 Magnarum-e
579 988 724 1038 fames
745 989 1003 1036 sollicitavit
1025 1002 1180 1051 opum.

147 1051 420 1104 Admovere
440 1055 583 1102 oculis
604 1054 818 1102 distantia
838 1054 987 1102 sidera
1007 1053 1175 1101 nostris
1193 1068 1212 1111 3

217 1119 504 1182 AEtheraque
522 1119 710 1182 ingenio
731 1134 1008 1183 supposuere
1029 1135 1129 1166 suo.

151 1185 234 1234 Sic
253 1186 424 1247 petitur
445 1186 643 1233 coelum=
682 1200 775 1235 non
798 1191 851 1233 ut
868 1183 987 1232 ferat
1009 1183 1159 1231 Ossan
1184 1181 1428 1246 Olympus,

221 1251 499 1313 Summaque
520 1249 730 1298 Peliacus
752 1250 896 1298 sidera
918 1257 1082 1312 tangat
1101 1263 1233 1310 apex.

150 1315 264 1364 Nos
284 1331 464 1378 quoque
485 1316 568 1364 sub
589 1315 776 1363 ducibus
798 1315 968 1363 coelum
991 1315 1263 1362 metabimur
1282 1312 1386 1367 illis,

223 1380 546 1443 Ponemusque
567 1396 676 1428 suos
697 1381 755 1428 ad
776 1385 894 1428 stata
915 1381 1050 1443 signa
1071 1380 1180 1428 dies,
1407 1378 1512 1425 310

156 1445 309 1497 Esco
329 1449 406 1495 ubi
428 1461 522 1495 nox
543 1446 687 1495 aderit
706 1446 911 1494 venturis
933 1447 1068 1492 tertia
1087 1443 1253 1499 Nonis,
1393 1466 1400 1467 ff

225 1514 482 1575 Sparsaque
503 1512 682 1561 coelesti
703 1526 807 1558 rore
827 1511 1025 1557 madebit
1043 1511 1236 1566 humus3

158 1578 397 1642 octipedis
415 1575 585 1626 frustra
605 1583 870 1639 quaeruntur
888 1576 1071 1624 brachia
1093 1572 1290 1623 Cancriz

224 1643 442 1707 Princeps
463 1643 671 1692 occiduas
691 1642 768 1690 ille
789 1642 956 1689 subivit
978 1655 1133 1702 aquas.

156 1708 478 1759 Inuum
500 1708 685 1756 Nonae:
724 1707 852 1755 missi
872 1707 954 1754 tibi
976 1705 1166 1753 nubibus
1187 1704 1298 1752 atris

228 1775 376 1838 Signa
395 1774 565 1822 dabunt
583 1774 764 1829 imbres,
786 1773 1022 1821 exoriente
1043 1769 1186 1833 Lyra.

161 1840 441 1897 Qun-roos
461 1839 575 1888 adde
595 1839 691 1886 dies
712 1839 860 1886 ductis
880 1852 941 1886 ex
962 1838 1119 1886 ordine
1142 1834 1327 1894 Noni83

227 1904 377 1955 Janus
399 1904 602 1968 Agonali
621 1903 724 1951 luce
743 1903 935 1966 piandus
959 1902 1060 1950 erit.

162 1970 385 2024 Nominis
405 1985 507 2018 esse
525 1977 656 2032 potes
678 1970 934 2018 succinctus
955 1981 1117 2015 canissa
1134 1966 1356 2022 minister,

232 2035 405 2084 Hostia
424 2035 649 2083 coelitibus
670 2050 760 2095 quo
780 2034 972 2083 feriente
993 2033 1127 2080 cadit.
1417 2030 1523 2076 320

173 2102 273 2157 Qui
294 2101 440 2149 calido
462 2100 644 2148 strictos
665 2101 890 2147 tincturus
912 2099 1135 2161 sang-uine
1155 2096 1339 2152 cultros,

233 2166 436 2229 Semper,
462 2167 631 2228 Agone
646 2165 670 2211 ’ἓ
702 2181 864 2229 rogas3
894 2180 980 2212 nec
1001 2164 1087 2211 nisi
1100 2164 1260 2226 jussus
1282 2159 1398 2226 agis.

173 2231 305 2286 Pars,
327 2233 433 2293 quia
453 2245 545 2286 non
566 2231 754 2279 veniant
773 2230 983 2293 pecudes,
1007 2228 1088 2276 sed
1109 2234 1316 2291 agantur,
1338 2226 1395 2274 ab
1415 2230 1522 2274 actu

235 2296 423 2344 Nomen
445 2296 704 2359 Agonalem
727 2296 869 2342 credit
890 2295 1053 2342 habere
1074 2293 1208 2340 diem.

172 2363 291 2413 Pars
310 2370 441 2425 putat
461 2364 547 2408 hoc
567 2361 734 2409 festum
756 2360 916 2423 priscis
933 2359 1134 2422 Agnalia
1154 2358 1352 2405 dietumt

239 2427 351 2475 Una
371 2429 430 2474 sit
450 2434 502 2474 ut
522 2427 704 2490 proprio
725 2426 856 2473 litera
876 2425 1030 2471 demta
1049 2424 1167 2470 loco.

169 2498 268 2547 An,
289 2493 394 2554 quia
413 2493 633 2556 praevisos
654 2492 701 2539 in
723 2488 840 2553 aqua
859 2491 992 2536 timet
1011 2489 1160 2536 hostia
1179 2485 1365 2541 cultros,

238 2557 286 2606 A
305 2558 583 2621 pecoris-lux
603 2564 674 2605 est
696 2558 782 2604 ista
803 2561 960 2602 notata
980 2552 1141 2601 metu?

174 2624 292 2674 Pars
312 2624 462 2680 etiam,
485 2622 582 2672 fieri
605 2621 750 2670 solitis
771 2628 909 2669 aetate
928 2620 1131 2681 priorum

238 2688 443 2742 Nomina
452 2688 658 2739 de-ludis
679 2686 824 2751 Graja
846 2684 1007 2733 tulisse
1028 2683 1163 2731 diem.
1419 2675 1523 2722 330
