1842 2966
309 130 402 173 168
665 121 722 170 P.
755 118 991 171 OVIDII
1013 119 1328 169 NASONIS

312 255 530 304 Proxima
552 254 755 302 adoranti
775 251 809 302 J
810 253 978 300 unonia
998 252 1167 314 templa
1188 251 1368 309 subibit,

375 320 617 368 Pellicibus
639 320 793 366 multis
814 320 932 365 hanc
954 317 1151 364 doluisse
1171 316 1345 365 Deam.

313 385 499 435 Pallade
519 382 774 448 conspecta,
796 390 954 430 natum
976 384 1033 429 de
1053 384 1241 429 crimine
1261 383 1397 445 virgo

383 451 626 498 Sustulerit
647 466 797 512 quare,
820 454 1008 510 quaeret,
1033 446 1400 506 Erichthonium,

312 516 507 564 Venerit
527 518 576 563 in
597 517 753 578 magni
774 514 1006 575 ternplum,
1029 520 1108 560 tua
1127 528 1329 568 munera,
1353 513 1544 562 Malrtis
1560 534 1581 575 3

384 582 488 630 Stat
508 581 670 629 Venus
697 580 1019 641 Ultorijuncta
1037 579 1136 624 viro
1158 585 1265 625 ante
1283 577 1423 626 fores.

320 645 459 695 Isidis
482 649 580 694 aede
605 648 780 700 sedens,
804 661 884 691 cur
904 646 1021 691 hanc
1046 642 1273 699 Saturnia,
1295 651 1497 705 quaeret,

336 744 341 753 ·
387 712 556 774 Egerit
578 712 712 759 Ionio
733 710 1048 772 Bosporioque
1069 709 1198 756 mari.

320 778 379 827 In
403 776 589 826 Venere
604 777 843 831 Anchises,
865 776 914 822 in
938 772 1078 821 Luna
1097 773 1309 821 Latmius
1328 775 1485 832 heros,

391 842 448 890 In
474 842 645 892 Cerere
667 840 835 895 Ιξίεἰοῐι,
858 841 936 902 qui
958 840 1192 895 referatur,
1214 840 1313 887 erit.
1582 846 1685 890 300

327 909 498 957 Omnia
517 921 751 970 perversas
769 912 963 968 possunt
984 920 1273 967 corrumpere
1291 912 1508 954 mentes:

396 973 530 1022 Stant
550 979 704 1018 tamen
725 971 804 1017 illa
824 972 918 1017 suis
941 972 1094 1018 omnia
1113 977 1212 1017 tuta
1230 971 1357 1017 locis.

329 1040 400 1088 At
421 1037 579 1100 procul
601 1038 657 1083 ab
680 1034 846 1097 scripta
866 1037 976 1083 solis
998 1035 1451 1085 meretricibus'Arte

396 1103 648 1150 Submovet
666 1101 890 1163 ingenuas
909 1103 1079 1182 pagina
1092 1101 1237 1163 prima
1258 1114 1415 1148 nurus.

329 1166 646 1229 Quaecumque
667 1167 888 1229 irrumpit,
911 1183 1002 1228 quo
1025 1182 1117 1213 non
1140 1167 1248 1213 sinit
1269 1167 1335 1213 ire
1356 1168 1585 1225 sacerdos,

399 1232 616 1281 Protinus
637 1234 724 1279 hoc
745 1233 875 1279 vetiti
897 1232 1097 1279 criminis
1119 1239 1220 1278 acta
1241 1248 1319 1280 rea
1338 1239 1423 1279 est.

329 1299 436 1348 Nec
457 1306 611 1347 tamen
632 1305 702 1345 est
718 1297 896 1345 facinus
918 1297 1081 1344 molles
1101 1297 1314 1344 evolvere
1335 1313 1526 1347 versun:

395 1365 551 1413 Multa
568 1365 675 1411 licet
696 1370 835 1416 castae
858 1379 951 1409 non
971 1362 1176 1409 facienda
1195 1363 1366 1425 legant.

333 1431 467 1494 Saepe
487 1429 713 1493 supercilii
732 1429 876 1476 nudas
895 1435 1105 1475 matrona
1124 1429 1285 1485 severi,

399 1497 467 1546 Et
486 1495 683 1544 Veneris
705 1502 878 1543 stantes
900 1495 959 1541 ad
980 1510 1127 1556 genus
1149 1509 1298 1549 omne,
1321 1495 1459 1543 videt.
1572 1500 1668 1546 310

336 1561 544 1625 Corpora
566 1561 779 1609 Vestales
800 1560 918 1607 oculi
942 1559 1195 1606 meretricia
1217 1568 1437 1610 cernunt:

401 1626 507 1675 Nec
528 1628 712 1674 domino
732 1640 885 1687 poenae
908 1641 981 1671 res
1002 1640 1056 1672 ea
1077 1640 1235 1673 caussa
1253 1624 1353 1672 fuit.

341 1692 412 1741 At
426 1706 508 1739 cur
528 1692 577 1739 in
599 1689 755 1738 nostrii
776 1690 916 1737 nimia
938 1697 1008 1737 est
1027 1691 1213 1739 lascivia
1235 1689 1410 1738 Musa?

405 1754 563 1806 Curva
583 1772 712 1803 meus
735 1756 944 1817 cuiquam
968 1756 1126 1803 suadet
1146 1771 1299 1802 amare
1319 1756 1460 1804 liber?

339 1822 425 1870 Nil
447 1822 533 1870 nisi
553 1828 801 1889 peccatum,
823 1819 1148 1883 manifestaque
1163 1822 1307 1884 culpa,
1327 1820 1552 1871 fatendum
1570 1831 1676 1887 eqtg.

409 1885 614 1935 Poenitet
634 1887 807 1949 ingenii
818 1887 1066 1949 judiciique
1086 1887 1189 1933 mei.

344 1952 443 2005 Cur
465 1968 571 2008 non,
596 1952 826 2014 Argolicis
845 1950 997 2013 potins
1018 1968 1122 2014 quae
1143 1952 1340 1999 concidit
1354 1953 1485 2001 armis

410 2017 592 2066 Vexata
612 2025 683 2064 est
702 2018 866 2063 iterum
888 2018 1100 2073 carmine,
1122 2016 1275 2080 TroJa,
1297 2017 1434 2065 meo?

347 2083 447 2134 Cur
466 2084 587 2131 tacui
606 2081 801 2136 Thebas,
823 2089 870 2128 et
890 2090 1050 2129 mutua
1068 2083 1259 2130 vulnera
1277 2081 1495 2130 fratrum?

414 2148 482 2197 Et
503 2155 676 2209 septem
697 2155 864 2209 portas,
890 2148 972 2194 sub
992 2149 1107 2195 duce
1127 2163 1352 2210 quamque
1373 2149 1484 2195 suo?
1567 2154 1660 2199 320

346 2213 452 2262 Nec
473 2213 583 2259 mihi
605 2213 839 2260 materiam
855 2213 1064 2259 bellatrix
1087 2212 1239 2261 Roma
1261 2215 1477 2276 negabat:

414 2278 482 2326 Et
502 2278 604 2339 pius
626 2283 709 2331 est,
729 2279 887 2339 patriae
902 2276 1023 2324 facta
1043 2277 1223 2334 referre,
1242 2278 1383 2326 labor.

349 2342 578 2404 Denique,
602 2339 705 2389 cum
728 2343 900 2389 meritis
919 2344 1177 2406 impleveris
1198 2345 1363 2400 omnia,
1386 2341 1540 2402 Caesar,

418 2406 534 2455 Pars
555 2407 665 2452 mihi
688 2408 745 2454 de
764 2409 920 2455 multis
943 2423 1033 2456 una
1054 2410 1256 2456 canenda
1274 2409 1377 2457 fuit.

354 2472 514 2535 thue
536 2473 720 2520 trahunt
740 2474 897 2521 oculos
919 2475 1136 2522 radiantia
1154 2475 1327 2522 lumina
1349 2475 1485 2534 Soli„

417 2536 686 2585 Traxissent
708 2540 908 2586 animum
931 2540 996 2586 sic
1018 2546 1097 2587 tua
1114 2540 1234 2587 facta
1254 2556 1418 2588 meum.

356 2603 544 2716 Arfuor
565 2604 804 2652 immerit6.
843 2604 1021 2651 Tenuis
1042 2606 1151 2652 mihi
1174 2620 1360 2668 campus
1384 2614 1540 2655 araturx

450 2668 544 2717 llud
565 2677 662 2717 erat
683 2686 866 2734 magnae
885 2670 1128 2720 fertilitatis
1150 2686 1279 2734 opus.
