1842 2966
463 131 819 183 TRISTIUM
840 133 947 184 Lu.
973 134 1068 187 111.
1105 141 1180 186 11.
1379 143 1476 189 193

102 269 203 318 sie
221 282 322 331 ego
335 264 563 328 belligeris
583 263 613 311 a
630 266 841 327 gentibus
864 268 1060 329 undique
1082 278 1234 332 septus

188 332 414 387 Terreor,
432 332 563 377 hoste
582 346 732 377 meum
755 327 873 394 pene
893 341 1124 393 premente
1144 336 1277 383 latus.

105 398 298 459 thue
315 398 373 444 sit
393 397 608 458 exiguum
630 410 793 457 poenae,
818 394 938 456 quod
955 399 1147 460 conjuge
1168 399 1284 456 cara,

191 459 341 518 Quod
363 459 508 523 patria
528 476 671 514 careo,
692 461 1045 524 pignoribusque
1066 464 1209 522 mei83

106 527 198 576 Ut
218 528 346 573 mala
369 526 493 572 nulla
510 524 665 581 feram,
689 526 774 572 nisi
797 526 961 572 nudam
987 524 1184 575 Caesaris
1204 530 1345 588 iram;

185 591 339 639 Nuda
352 605 509 653 parum
531 591 660 637 nobis
684 586 881 638 Caesaris
899 592 968 638 ira
987 592 1093 638 mali
1114 592 1219 639 est?

110 656 193 706 Et
214 665 377 704 tamen
398 663 469 702 est
489 655 663 716 aliquis,
686 656 763 717 qui
784 656 972 703 vulnera
991 658 1129 704 cruda
1148 666 1390 719 retractet3

191 721 362 770 solvat
383 726 430 767 et
451 721 496 767 in
519 735 669 767 mores
690 735 770 767 ora
789 721 954 768 diserta
968 737 1109 770 meos·
1400 729 1469 772 20

111 785 185 835 In
207 781 354 836 caus&
371 784 489 833 facili
512 786 655 833 cuivis
676 786 784 832 licet
803 787 1113 835 essediserto:
1331 841 1336 846 ⁴

188 849 264 899 Et
285 851 487 897 minimae
507 851 626 897 vires
648 849 856 913 frangere
876 867 1038 912 quassa
1057 852 1226 900 valent.
1315 862 1319 866 ”

117 917 360 965 Subruere
379 922 449 961 eet
469 929 594 962 arces
615 922 662 961 et
683 917 848 963 stantia
867 919 1036 964 moenia
1057 919 1231 967 virtus:

190 980 458 1035 Quamh’bet
476 980 631 1042 ignavi
652 982 928 1044 praecipitata
948 990 1100 1031 ruunt.

116 1046 241 1094 Non
259 1060 360 1092 sum
377 1060 466 1107 ego
479 1044 599 1106 quod
611 1044 800 1092 fueram.
822 1047 1143 1101 Quiiiinanem
1155 1049 1345 1112 proteris
1360 1064 1474 1098 ume

190 1111 323 1165 Quid
331 1110 526 1157 cinerem
543 1111 664 1156 saxis
677 1112 896 1172 bustaque
907 1121 1063 1160 nostra
1074 1114 1268 1178 premis?
1283 1112 1430 1179 [bram
1439 1116 1463 1162 ἰ’

122 1175 315 1224 Hector
336 1182 445 1230 erat,
467 1182 576 1221 tunc
598 1172 701 1221 cum
722 1176 841 1223 bello
863 1178 1089 1236 certabat3
1112 1186 1159 1226 at
1178 1180 1299 1227 idem

187 1240 389 1288 Vinctus
412 1241 468 1287 ad
485 1238 757 1288 Haemonios
772 1257 865 1290 non
887 1250 983 1289 erat
1001 1242 1180 1291 Hector
1201 1261 1360 1306 equos.

119 1307 212 1355 Me
233 1320 425 1368 quoque,
448 1320 582 1366 quem
606 1303 740 1352 noras
761 1308 882 1361 olim,
906 1321 999 1354 non
1022 1322 1123 1355 esse
1143 1318 1399 1358 mementot

186 1371 268 1420 Ex
288 1371 369 1418 illo
389 1377 600 1432 superant
620 1372 718 1417 haec
738 1372 976 1419 simulacra
995 1372 1108 1420 viro.
1393 1378 1468 1423 30

124 1436 255 1495 Quid
275 1434 523 1492 simulacra,
542 1434 687 1493 ferox,
711 1436 841 1485 dietis
861 1437 1050 1486 incessis
1071 1438 1267 1487 amaris?

136 1509 141 1514 ‘
189 1503 349 1558 Parce,
371 1517 541 1564 precor,
565 1517 721 1550 manes
743 1503 984 1551 sollicitare
1004 1518 1145 1552 meos.
1175 1533 1185 1539 -

125 1568 298 1618 Omnia
317 1582 426 1615 vera
444 1573 554 1629 puta
575 1582 675 1615 mea
696 1568 909 1616 crimina:
954 1569 1018 1614 nil
1038 1568 1097 1615 sit
1118 1569 1167 1615 in
1187 1568 1289 1625 inis,

126 1689 130 1693 ⁴
191 1633 335 1689 Quod
354 1633 499 1696 magis
520 1646 730 1688 errorem,
753 1631 887 1694 quam
912 1635 1071 1690 sceluS,
1094 1649 1194 1682 esse
1213 1641 1362 1707 putes.

125 1699 377 1748 Pendimus
397 1712 455 1744 en
474 1696 655 1760 profugi
679 1699 815 1761 (satia
833 1706 912 1746 tua
931 1698 1135 1761 pectora)
1157 1714 1330 1764 poenas,

191 1763 461 1824 Exsilioque
478 1777 656 1825 graves,
677 1764 912 1824 exsiliique
932 1765 1049 1812 loco.

128 1827 342 1881 Carnifici
356 1827 538 1875 fortuna
556 1834 705 1889 potest
728 1844 830 1875 mea
848 1827 999 1876 flenda
1018 1830 1180 1877 videri:

187 1892 261 1942 Te
280 1901 431 1940 tamen
452 1899 522 1939 est
544 1907 634 1938 uno
646 1894 802 1955 judice
823 1902 988 1941 moesta
1006 1910 1179 1957 parum.

127 1960 303 2010 Saevior
317 1973 367 2005 es
388 1958 504 2004 tristi
526 1954 766 2015 Busiride;
791 1960 958 2005 saevior
976 1960 1068 2015 illo,

189 2023 284 2079 Qui
303 2022 467 2070 falsum
487 2022 610 2069 lento
631 2025 793 2070 torruit
812 2025 921 2086 igne
940 2026 1129 2072 bovem:
1391 2028 1461 2073 40

129 2089 314 2150 Quique
330 2089 494 2135 bovem
520 2087 672 2134 Siculo
691 2088 835 2144 fertur
850 2087 1048 2138 donasse
1069 2100 1278 2152 tyranno,

195 2153 262 2203 Et
276 2154 404 2200 dictis
425 2160 543 2199 artes
564 2152 826 2201 conciliasse
847 2169 967 2205 suas.

129 2219 326 2268 Munere
345 2219 394 2265 in
415 2219 513 2275 hoc,
537 2217 656 2274 Rex,
680 2225 750 2265 est
771 2234 891 2275 usus,
916 2221 997 2267 sed
1017 2220 1215 2284 imagine
1234 2221 1404 2285 major:

192 2284 293 2332 Nec
314 2283 410 2330 sola
429 2292 500 2330 est
521 2284 666 2346 operis
679 2283 827 2330 forma
845 2286 1073 2346 probanda
1091 2287 1196 2334 mei.

130 2351 176 2398 A
257 2349 336 2396 icis
357 2346 384 2396 ὲ
405 2347 564 2396 dextra
583 2348 700 2396 latus
722 2350 809 2397 hoc
831 2351 1073 2412 adapertile
1092 2350 1239 2399 tauri?

248 2429 302 2461 uc
321 2413 413 2470 tibi,
437 2428 569 2475 quem
590 2414 762 2477 perdes,
784 2415 1087 2478 conjiciendus
1100 2417 1199 2461 erit.

46 2496 49 2499 ’
130 2479 341 2529 Protinus
360 2479 582 2527 inclusum
602 2479 737 2527 lentis
756 2480 1019 2527 carbonibus
1040 2495 1147 2528 uret

193 2544 384 2607 Mugiet,
407 2552 455 2592 et
474 2545 571 2593 veri
591 2558 686 2592 vox
704 2546 790 2591 erit
809 2546 887 2592 illa
903 2545 1048 2592 bovis.

131 2610 224 2660 Pro
243 2610 397 2673 quibus
416 2611 626 2667 inventis,
650 2616 702 2661 ut
722 2625 889 2657 munus
908 2625 1095 2657 munere
1113 2622 1290 2673 pennen,

194 2674 283 2731 Da,
302 2690 474 2740 precor,
494 2677 682 2741 ingenio
701 2677 888 2739 praemia
907 2676 1047 2740 digna
1065 2690 1183 2723 meo.
1389 2674 1457 2720 50

129 2756 231 2792 vol-
249 2755 320 2791 m.
1046 2755 1072 2787 8
