1842 2966
270 152 341 203 54
585 143 656 197 Pa
676 142 913 195 ovmn
947 140 1268 197 NAsoms'

284 279 381 329 Ter
401 279 552 328 tonuit
572 279 670 326 sine
692 279 810 325 nube
830 277 980 332 Deus,
1002 277 1090 324 tria
1108 275 1291 340 fulgura
1311 277 1451 325 misit.
1651 302 1666 311 ι

353 343 540 394 Credite
561 344 726 390 dicenti
743 361 759 401 ;
781 345 909 399 mira,
920 343 1013 391 fsed
1034 348 1148 398 acta,
1169 343 1345 404 loquor.
1543 348 1674 394 ³70

285 409 345 459 A*
370 408 520 458 media
540 410 705 457 coelum
729 410 916 472 regione
937 409 1168 455 dehiscere
1188 409 1346 470 coepit:

296 506 308 512 -
353 475 612 524 Submisere
631 475 788 522 oculos
809 489 913 521 cum
938 473 1054 520 duce
1072 473 1204 520 turba
1224 488 1323 521 suo.

287 540 416 591 Ecce
433 542 526 589 levi
547 548 727 588 scutum
752 546 983 587 versatum
1003 539 1165 584 leniter
1184 536 1293 585 aura

352 605 555 655 Decidit.
590 606 649 654 A*
673 605 840 667 populo
863 604 1035 650 clamor
1056 603 1113 650 ad
1132 611 1254 651 astra
1273 604 1414 655 venit.

288 671 436 723 Tollit
454 673 594 721 humo
615 686 781 717 munus
802 667 924 716 caesii
943 666 1068 731 prinis
1087 667 1164 714 ille
1173 667 1385 730 juvenci,

357 738 479 793 Quae
500 738 684 785 dederat
704 734 815 780 nulli
837 734 955 780 colla
972 734 1218 796 premenda
1227 734 1361 797 jugo.

198 834 207 839 ‚
289 802 437 866 quue
458 803 604 850 ancile
623 806 788 856 vocat3
819 795 942 859 quod
961 799 1018 846 ab
1038 800 1163 845 omni
1182 807 1311 861 parte
1332 800 1528 848 recisum
1550 809 1647 858 eso,

358 866 555 927 Quaque
577 872 708 911 notes
729 864 888 920 oculis,
911 863 1107 926 angulus
1126 864 1276 912 omnis
1297 865 1436 912 abest.

287 933 427 987 Tum,
450 947 626 978 memor
646 928 820 991 imperii
843 937 1013 976 sortem
1033 930 1285 978 consistere
1300 930 1350 977 in
1371 929 1463 987 illo,

360 997 615 1055 Consilium
637 995 795 1041 multae
815 995 1072 1042 calliditatis
1091 995 1190 1042 init.
1534 999 1651 1046 3⁸0

292 1058 436 1113 Plura
444 1062 577 1124 jubet
597 1060 694 1107 fieri
716 1060 850 1107 simili
870 1061 1031 1107 caelata
1050 1058 1224 1121 figura3

364 1127 510 1174 Error
532 1133 584 1179 ut
604 1133 711 1172 ante
730 1125 888 1172 oculos
908 1125 1161 1175 insidiantis
1182 1133 1270 1175 eat.

296 1193 557 1242 Mamurius
577 1206 755 1238 morum
776 1190 976 1238 fabraene
996 1192 1197 1238 exactior
1217 1191 1339 1247 artis,

362 1256 569 1306 Difficile
588 1263 671 1312 est,
694 1257 819 1311 illud,
843 1256 1003 1311 dicere,
1028 1256 1189 1304 clausit
1209 1272 1339 1320 opus.

300 1322 391 1375 Cui
415 1322 574 1371 Numa
594 1321 846 1378 munificus,
870 1320 1002 1368 Facti
1018 1328 1122 1383 pete
1139 1323 1340 1384 praemia,
1362 1322 1489 1370 dixit.

368 1389 417 1438 si
438 1404 542 1436 mea
562 1395 671 1435 nota
689 1387 817 1443 fides,
848 1387 977 1433 irrita
998 1386 1122 1434 nulla
1139 1394 1282 1449 petes.

300 1452 409 1507 Jam
432 1454 614 1503 dederat
636 1453 772 1501 Saliis
790 1449 840 1518 (a
861 1452 979 1500 saltu
1001 1453 1185 1500 nomina
1204 1449 1397 1515 ducunt)

367 1521 614 1583 Armaque,
638 1528 686 1567 et
706 1520 763 1566 ad
785 1525 936 1567 certos
955 1519 1093 1565 verba
1113 1519 1314 1566 canenda
1328 1519 1501 1567 modos.

301 1586 425 1636 Tum
448 1587 514 1634 sic
537 1585 809 1638 Mamurius,
833 1583 1022 1630 Merces
1044 1584 1151 1630 mihi
1174 1584 1322 1645 gloria
1343 1585 1484 1640 detur,
1615 1617 1624 1623 -

368 1650 660 1712 Nominaque
680 1656 885 1696 extremo
905 1649 1106 1695 carmine
1126 1657 1283 1696 nostra
1303 1658 1479 1699 sonent.
1537 1654 1645 1701 390

302 1716 421 1765 Inde
441 1715 698 1764 sacerdotes
718 1714 843 1775 operi
864 1713 1087 1775 promissa
1104 1721 1288 1762 vetusto

369 1781 570 1829 Praemia
587 1780 866 1844 persolvunt,
890 1777 1262 1840 Mamuriumque
1280 1787 1461 1829 vocant.

305 1846 497 1897 Nubere
516 1846 645 1907 siqua
664 1843 804 1899 voles,
824 1845 1034 1905 quamvis
1051 1846 1346 1907 properabitis
1366 1848 1508 1903 ambo,
1613 1865 1622 1882 ι

371 1910 544 1959 Differ:
571 1911 738 1958 habent
756 1924 911 1972 parvae
932 1910 1173 1957 commoda
1190 1926 1359 1974 magna
1377 1925 1550 1961 mom·

305 1977 453 2032 Arma
472 1981 660 2023 movent
677 1989 893 2037 pugnam,
914 1990 1073 2037 pugna
1092 1982 1165 2023 est
1182 1976 1329 2024 aliena
1348 1978 1531 2027 maritis.
1611 2007 1616 2014 -

371 2039 574 2091 Condita
593 2037 698 2087 edm
716 2039 899 2095 fuerint,
921 2041 1070 2102 aptius
1089 2056 1227 2089 omen
1247 2042 1348 2090 erit.

305 2106 402 2156 His
423 2107 560 2155 etiam
580 2107 749 2167 conjunx
767 2106 930 2167 apicati
950 2106 1099 2154 cincta
1118 2105 1271 2155 Dialis

372 2170 577 2221 Lucibus
595 2172 802 2233 impexas
821 2171 956 2217 debet
972 2172 1137 2219 habere
1155 2187 1324 2221 comas.

307 2237 505 2287 Tuam
525 2251 620 2283 nox
639 2251 814 2283 emersa
834 2252 943 2284 suos
963 2237 1040 2284 ubi
1059 2239 1257 2285 moverit
1272 2239 1422 2301 ignes,
1607 2258 1618 2270 ·

376 2300 602 2351 Conditus
623 2298 651 2347 ὲ
671 2302 867 2365 geminis
889 2300 1097 2350 Piscibus
1115 2302 1231 2350 alter
1248 2304 1349 2354 erit.
1543 2309 1638 2356 400

309 2366 438 2416 Nam
458 2366 552 2414 duo
571 2373 704 2415 sunt:
728 2367 912 2414 Austris
933 2368 1007 2415 hic
1027 2374 1111 2424 est,
1134 2366 1436 2430 Aquilom’bus
1451 2369 1526 2419 ille

288 2429 317 2476 ’κ
379 2430 639 2480 Proximus.
675 2430 734 2480 A*
755 2439 896 2480 vento
910 2446 1081 2481 nomen
1101 2440 1289 2495 uterque
1309 2440 1450 2483 tenet.

315 2495 439 2547 Cim
458 2498 632 2546 croceis
652 2512 804 2545 rorare
824 2499 958 2560 genis
978 2496 1196 2546 Tithonia
1214 2499 1383 2561 conjux

381 2559 600 2624 coeperit,
623 2570 672 2611 et
689 2564 861 2624 quintae
881 2570 1087 2626 tempora
1103 2563 1220 2611 lucis
1240 2571 1380 2625 aget3

315 2627 518 2678 simut
537 2627 867 2691 Arctophylax,
891 2629 989 2676 sive
1008 2634 1082 2676 est
1100 2628 1231 2690 piger
1248 2627 1326 2679 ille
1347 2628 1539 2688 Booten

376 2691 638 2759 ueram,
654 2694 782 2754 vim
801 2693 1080 2760 effiffletque
1100 2700 1220 2746 mo«-
