1842 2966
320 112 423 162 350
633 110 692 161 P.
722 109 960 161 0V1D11
992 108 1301 160 NASONIS

323 238 507 303 Quique
527 243 677 304 trabes
697 259 877 306 pressas
898 245 955 291 ab
975 244 1116 290 humo
1136 242 1352 290 mittebat
1370 242 1423 290 in
1448 257 1598 299 auus.

387 306 607 369 AEquoris
628 309 879 371 adspiciens
892 310 1026 371 hujus
1047 316 1096 355 et
1115 309 1253 370 hujus
1273 324 1438 369 aquas.
1589 313 1676 356 410

325 372 537 434 Quaeque
561 372 703 423 Ceres
725 376 839 422 vidit
861 376 970 422 laeto
992 375 1234 437 pereuntia
1255 374 1399 422 vultu

390 436 597 501 Corpora
617 438 800 488 Thesea
823 438 1095 501 Cercyonea
1115 454 1268 485 manu.

325 502 449 551 Haec
472 505 565 561 tibi,
588 521 723 566 quem
740 506 916 556 meritis
938 506 1146 566 precibus
1166 519 1272 551 mea
1295 505 1504 553 devovet
1523 506 1607 562 ira,

389 569 635 625 Eveniant,
660 579 738 618 aut
753 572 824 618 his
847 587 941 618 non
964 572 1138 618 leviora
1157 569 1307 617 malis.

326 634 490 689 Qualis
514 637 863 688 Achaemenides
889 635 1044 683 Sicula
1065 636 1270 683 desertus
1291 637 1344 683 in
1365 634 1538 694 AEtn2,

388 698 561 748 Tro‘ica
581 699 685 748 cum
708 702 821 749 vidit
842 703 947 750 vela
971 702 1139 755 venire,
1161 701 1278 752 fuit.>

267 773 272 784 ’
326 764 491 821 Qualis
513 777 610 820 erat
633 783 718 814 nec
741 782 834 814 non
855 767 1041 814 fortuna
1062 767 1309 813 binominis
1332 764 1417 821 Iri,

393 830 577 893 Quique
599 841 759 880 tenent
779 841 979 894 pontem,
1004 848 1108 893 quae
1129 833 1210 879 tibi
1230 833 1364 894 pejor
1385 832 1497 880 erit.

325 894 471 958 Filius
492 905 539 943 et
563 897 745 946 Cereris
766 896 937 945 frustra
957 899 1036 945 tibi
1058 913 1236 959 semper
1254 905 1475 957 ametur3

392 959 720 1023 Destituatque
741 971 842 1012 tuas
864 980 1008 1025 usque
1028 964 1196 1026 petitus
1218 978 1347 1025 opes.
1593 965 1686 1009 420

328 1024 487 1087 thue
507 1044 587 1090 per
608 1028 807 1075 alternos
829 1028 953 1076 unda
967 1030 1146 1076 labente
1170 1043 1383 1075 recursus

394 1092 681 1140 Subtrahitur
700 1109 861 1155 presso
884 1096 1034 1142 mollis
1057 1110 1195 1142 arena
1212 1092 1345 1156 pedi3

326 1156 403 1207 Sic
427 1164 507 1204 tua
527 1158 682 1208 nescio
704 1175 795 1221 quo
819 1157 999 1222 semper
1017 1160 1203 1210 fortuna
1213 1160 1439 1219 liquescat
1457 1177 1472 1206 z

392 1220 636 1285 Lapsaque
657 1241 737 1287 per
759 1226 931 1274 medias
953 1226 1108 1273 effluat
1130 1240 1273 1286 usque
1292 1240 1478 1272 manus.

329 1287 636 1352 thuepater
659 1292 805 1338 solitae
827 1292 976 1338 varias
999 1300 1175 1338 mutare
1194 1290 1368 1352 figuras

394 1353 567 1402 Plenus
588 1356 864 1404 inexstincta
884 1356 1125 1418 conficiare
1144 1355 1279 1411 fame,
1324 1385 1325 1390 =

326 1418 432 1468 Nec
455 1420 582 1483 dapis
603 1423 816 1470 humanae
840 1422 1030 1470 subeant
1048 1421 1229 1468 fastidia
1246 1440 1261 1468 ι
1287 1419 1470 1482 quaque

393 1485 535 1534 Parte
554 1495 698 1550 potes,
722 1486 912 1550 Tydeus
934 1490 1152 1549 temporis
1173 1489 1307 1550 huJus
1327 1489 1435 1534 eris.

326 1551 491 1613 Atque
506 1553 675 1614 aliquid
695 1553 849 1607 facias,
872 1552 901 1600 a
920 1569 1112 1616 vespere
1134 1568 1289 1607 rursus
1310 1553 1370 1600 ad
1390 1560 1524 1601 ortus

396 1616 496 1667 Cur
518 1620 765 1666 exstet-nati
791 1619 913 1666 Solis
935 1626 1132 1681 agantur
1152 1619 1270 1680 equi.
1588 1621 1680 1664 430

327 1682 476 1732 Foeda
498 1682 749 1744 Lycaoniae
772 1693 953 1746 repetes
974 1685 1187 1732 convivia
1208 1699 1396 1739 mensae,

396 1747 707 1810 Tentabisque
729 1751 816 1797 cibi
837 1750 996 1799 fallere
1012 1751 1171 1797 fraude
1192 1748 1377 1798 Jovem.

329 1814 491 1876 Teque
514 1815 673 1876 aliquis
692 1818 843 1877 posito
866 1823 1013 1863 tentet
1035 1817 1129 1862 vim
1153 1815 1353 1861 numinis
1373 1821 1487 1877 opto
1502 1832 1517 1861 ε

395 1877 661 1928 Tantalides
684 1888 736 1927 tu
752 1879 1161 1941 sis,=Tere'1'desque
1181 1895 1310 1942 puer.

329 1944 399 1994 Et
420 1952 501 1992 tua
522 1947 588 1995 sie
608 1947 726 1994 latos
749 1954 1021 2009 spargantur
1041 1947 1244 1995 membra
1261 1961 1343 2007 per
1365 1959 1521 2008 agros,

395 2009 653 2072 Tamquam
676 2029 781 2073 quae
800 2013 969 2074 patrias
991 2013 1226 2058 detinuere
1246 2011 1361 2059 vias.

326 2075 448 2124 AEre
472 2074 669 2125 Perilleo
693 2094 827 2126 veros
849 2079 1026 2125 imitere
1039 2078 1278 2140 juvenco&

396 2142 476 2188 Ad
497 2141 689 2189 formam
713 2145 829 2190 tauri
851 2144 1153 2199 conveniente
1172 2157 1306 2189 sono.

332 2206 463 2254 Utve
483 2205 615 2254 ferox
642 2207 862 2264 Phalaris,
882 2207 1042 2271 lingua
1061 2205 1188 2270 prius
1209 2222 1320 2254 ense
1341 2205 1534 2263 resecta.
1636 2240 1641 2247 -

397 2272 537 2319 More
557 2273 714 2327 boviss
728 2271 903 2334 Paphio
927 2275 1106 2321 clausus
1127 2274 1175 2319 in
1198 2288 1291 2319 aere
1311 2287 1491 2335 gemas.
1586 2275 1679 2318 440

329 2337 555 2399 Dumque
577 2339 722 2385 redire
743 2338 870 2386 voles
894 2340 982 2385 aevi
1005 2338 1203 2385 melioris
1224 2338 1272 2385 in
1295 2350 1456 2393 annos,

398 2401 471 2448 Ut
491 2409 625 2448 vetus
650 2403 837 2450 Admeti
863 2405 1088 2465 decipiare
1110 2418 1254 2450 socer.

330 2467 491 2527 Atque
511 2481 651 2526 eques
672 2469 721 2513 in
743 2469 881 2515 medii
902 2484 1115 2531 mergare
1136 2467 1357 2531 voragine
1379 2467 1519 2523 coeui,

396 2530 666 2578 Dummodo
688 2533 781 2580 sint
798 2533 880 2579 fati
904 2535 1092 2581 nomina
1111 2534 1237 2583 nulla
1255 2533 1336 2580 tui.

328 2595 486 2656 Atque
507 2596 679 2644 utinam
701 2612 873 2658 pereas,
896 2599 1042 2646 veluti
1058 2600 1120 2646 de
1140 2598 1348 2647 dentibus
1367 2598 1461 2647 orti

399 2659 587 2731 Sidonia
597 2662 739 2727 jactis
756 2662 901 2727 Graia
919 2678 1002 2729 per
1023 2678 1138 2714 arva
1154 2678 1306 2723 manu.
