1842 2966
288 97 350 141 ιο
628 89 686 139 P.
719 80 956 140 ov‘mn
989 88 1293 143 nasoms
1335 80 1340 91 ‘

281 219 351 269 Et
371 237 510 284 pecus
530 222 742 284 antiquus
763 221 941 269 dicebat
962 219 1151 285 Agonia
1163 234 1352 270 sermo.

349 286 567 349 Vei-aque
575 288 749 352 judicio
771 294 842 335 est
862 288 1024 336 ultima
1043 303 1203 336 caussa
1222 302 1342 336 meo.

285 351 444 413 thue
465 369 522 401 ea
542 369 665 403 nunc
685 360 808 401 certa
829 361 929 412 est;
962 354 1027 400 ita
1048 353 1155 400 Rex
1173 354 1352 431 pheare
1370 365 1615 403 saevorum

350 415 559 466 Numina
578 420 797 482 lanigerae
818 421 1016 482 conjuge
1036 419 1167 467 debet
1195 420 1311 466 ovis.

285 480 501 539 Victima,
525 501 631 547 quae
652 483 815 535 dextra
835 484 997 532 cecidit
1015 485 1211 539 victrice,
1234 493 1438 533 vocatur.

355 547 581 598 Hostibus
604 552 767 599 ametis
787 551 937 596 hostia
958 564 1125 597 nomen
1146 550 1294 598 babet.

286 612 431 670 Ante,
456 615 589 664 Deos
612 617 785 665 homini
804 615 927 678 quod
948 615 1188 662 eonciliare
1207 616 1446 672 valeret,

349 679 442 729 Far
462 690 572 740 erat,
595 689 642 731 et
661 682 763 744 puri
781 680 932 726 lucida
951 680 1069 727 mica
1089 681 1211 727 salis·
1295 705 1299 709 <

282 744 506 812 Nondum
527 748 775 810 pertulerat
795 745 1053 792 lacrimatas
1073 747 1242 792 cortice
1264 745 1473 807 myrrhas

350 799 473 860 A'cta
491 830 572 876 per
594 825 827 873 aequoreas
849 811 1032 873 hospita
1050 812 1181 858 navis
1202 825 1355 872 aquas.
1534 814 1647 858 540

282 875 412 925 Tura
432 894 516 925 nec
540 877 809 939 Euphrates,
833 891 919 924 nec
941 877 1127 924 miserat
1146 874 1282 924 India
1301 884 1495 933 costum,

259 994 267 1003 ς
348 942 453 991 Nec
473 893 654 989 fueranIi
674 942 795 988 rubri
819 943 1007 1005 cognita
1025 940 1104 990 fila
1124 942 1259 989 croci.

286 1007 386 1056 Ara
406 1008 539 1054 dabat
557 1006 723 1063 fumos,
747 1007 896 1054 herlis
915 1014 1134 1055 contenta
1154 1007 1345 1063 sabinis,

351 1072 419 1120 Et
440 1088 532 1119 non
557 1073 726 1134 exiguo
746 1072 901 1120 laurus
924 1073 1085 1120 adusta
1097 1087 1240 1120 sono.
1403 1088 1407 1092 *

287 1137 339 1187 si
360 1138 462 1200 quis
482 1144 593 1194 erat,
616 1137 748 1185 factis
768 1139 887 1200 prati
905 1139 965 1185 de
983 1136 1099 1184 flore
1118 1138 1314 1194 coi-offis,

351 1203 448 1258 Qui
469 1210 626 1266 posset
647 1203 792 1252 violas
813 1203 991 1259 addere,
1017 1204 1144 1251 dives
1163 1209 1278 1251 erat.

286 1267 395 1325 Hie,
419 1269 497 1330 qui
517 1283 641 1317 nune
662 1270 804 1332 aperit
823 1269 1026 1331 percussi
1046 1269 1221 1318 viscera
1238 1268 1379 1325 -tauri,

349 1332 410 1382 In
432 1336 570 1382 sacris
592 1336 768 1382 nullum
789 1334 937 1384 culter
954 1335 1148 1383 habebat
1166 1348 1296 1398 opus.

282 1399 439 1448 Prima
463 1398 605 1451 Ceres
627 1402 776 1449 avidae
795 1402 959 1464 gavisa
976 1406 1050 1448 est
1070 1401 1293 1464 sanguine
1313 1414 1479 1464 porcae,

356 1465 472 1515 Ulta
493 1482 597 1516 suas
618 1465 781 1516 merita
800 1465 928 1516 caede
947 1467 1156 1515 nocentis
1176 1482 1302 1530 opes·
1538 1467 1643 1518 350

284 1532 412 1581 Nam
434 1540 545 1590 sata,
566 1550 677 1582 vere
697 1549 832 1589 novo,
854 1534 1024 1582 teneris
1043 1534 1256 1580 lactentia
1276 1530 1426 1588 sulcis,

351 1598 503 1647 Eruta
526 1601 738 1663 setigerae
760 1599 984 1660 comperit
1003 1613 1087 1644 ore
1108 1598 1217 1645 suis.

289 1664 380 1712 Sus
402 1665 585 1711 dederat
605 1675 779 1726 poenas.
827 1662 1057 1723 Exemplo
1078 1662 1261 1709 territus
1282 1663 1419 1726 hujtts

322 1757 332 1765 —
352 1728 549 1776 Palmite
571 1730 788 1775 debueras
811 1726 1092 1782 abstinuisse,
1116 1742 1264 1790 caper.

288 1794 442 1849 Quem
466 1800 676 1856 spectans
698 1793 856 1855 aliquis
877 1792 1038 1840 dentes
1059 1794 1107 1840 in
1127 1793 1224 1840 vite
1243 1801 1540 1857 prementem,

351 1859 484 1907 Talia
504 1874 598 1906 non
620 1859 758 1906 tacito
779 1858 898 1906 dicta
917 1858 1075 1907 dolore
1096 1858 1241 1906 dedit:

285 1921 434 1980 Rode,
458 1935 604 1987 caper,
618 1925 782 1971 vitem:
820 1934 976 1971 tamen
990 1924 1109 1981 hinc,
1132 1921 1237 1972 cum
1260 1924 1397 1973 stabis
1419 1925 1477 1973 ad
1498 1939 1634 1983 aram,

350 1989 411 2037 In
434 1996 514 2037 tua
535 1990 656 2052 quod
678 1989 829 2067 spargi
849 2005 1023 2037 cornua
1042 1990 1198 2052 possit,
1222 1991 1322 2038 erit.

287 2054 445 2104 Verba
464 2054 576 2103 fides
599 2057 823 2117 sequitur·
860 2070 998 2103 noxae
1019 2056 1100 2102 tibi
1122 2056 1298 2104 deditus
1319 2056 1465 2103 hostis

354 2121 593 2184 Spargitur
614 2120 772 2169 adfuso
793 2136 978 2177 cornua,
1002 2119 1195 2178 Bacche,
1219 2136 1363 2170 mero.
1534 2125 1634 2170 360

289 2181 438 2249 culpa
460 2187 533 2233 sui
550 2186 730 2234 nocuit.
771 2186 927 2234 nocuit
947 2202 1129 2249 quoque
1148 2188 1281 2250 eulpa
1297 2181 1498 2249 capelloe.

355 2252 482 2307 Quid
501 2253 596 2308 bos,
616 2252 729 2313 quid
748 2252 939 2333 plaeidae
959 2253 1290 2300 commeruistis
1311 2251 1451 2300 oves?

289 2313 453 2365 Flebat
474 2316 715 2374 Aristaeua
739 2314 861 2381 quod
882 2333 989 2382 apes
1011 2333 1115 2365 cum
1138 2319 1277 2381 stirpe
1298 2324 1483 2366 necatas

353 2380 547 2430 Viderat
567 2384 772 2446 inceptos
794 2384 1051 2432 destituisse
1070 2382 1215 2431 favos.

287 2442 474 2496 caerula
486 2462 628 2510 quem
649 2451 862 2512 genetrix
882 2445 1010 2511 segre
1032 2449 1176 2496 solata
1195 2447 1437 2504 dolentem,

354 2510 545 2561 Addidit
565 2516 663 2562 haec
686 2515 816 2563 dictis
836 2515 999 2561 ultima
1018 2515 1157 2562 verba
1177 2512 1297 2560 suis.

289 2574 428 2632 Siste,
450 2593 575 2640 puer,
598 2579 845 2629 lacrimas:
873 2579 1073 2628 Proteus
1094 2585 1174 2625 tua
1194 2578 1359 2625 damma
1377 2576 1569 2636 levabit3

360 2641 558 2707 Quoque
578 2647 716 2694 modo
739 2660 934 2711 repareS,
957 2659 1061 2707 quae
1080 2644 1268 2707 periere,
1291 2641 1427 2689 dabit.
