1842 2966
272 158 380 209 ⁸⁴4
623 148 954 202 P.0V1D11
985 146 1296 202 NASONIS

432 283 617 347 busque
639 299 805 344 novem
827 284 904 345 qui
929 297 1137 329 summus
1158 282 1299 331 distat
1322 283 1419 331 ab
1398 299 1522 345 nno,

281 286 630 412 sufficeraque
653 336 850 397 adsiduae
874 349 1023 396 debita
1042 348 1215 410 praebet
1232 349 1329 397 avi.

290 418 390 468 Hie
412 417 492 468 tibi
515 417 572 464 de
595 415 747 463 Furiis
768 416 946 462 scindet
961 414 1080 463 latus
1103 429 1196 461 una
1203 413 1427 491 flagello,

352 482 423 531 Ut
444 483 626 530 sceleris
648 497 863 529 numeros
882 479 1128 527 confiteare
1149 479 1255 527 tui·
1327 515 1345 535 ,

285 549 451 598 Altera
470 547 703 595 Tartareis
726 557 876 594 sectos
897 546 1021 592 dabit
1043 546 1269 608 anguibus
1290 554 1459 597 arms.
1442 563 1458 578 ·

349 613 509 662 Tertia
529 614 756 661 fumantes
775 614 992 673 incoquet
1011 612 1122 673 igne
1141 627 1302 673 genas·

283 680 444 730 Noxia
463 680 590 727 mille
610 679 757 727 modis
778 678 1045 725 lacerabitur
1067 678 1254 735 umbra;
1288 685 1498 743 tuasque

353 745 562 793 AEacus
550 761 598 792 m
620 760 783 807 poenas
795 744 1072 806 ingeniosus
1094 743 1193 789 erit.

286 810 345 860 In
368 819 417 859 te
438 812 706 858 transcribet
726 817 935 856 veterum
956 815 1188 859 tormenta
1208 823 1419 862 reorum·

352 876 571 924 Manibus
592 877 789 936 antiquis
808 890 969 922 caussa
990 874 1154 935 quietis
1176 874 1281 920 eris.
1546 880 1639 927 190

289 943 498 1005 Sisyphe,
524 942 596 988 cui
619 941 771 988 tradas
794 940 1042 987 revolubile
1064 939 1255 1002 pondus,
1280 939 1499 989 habehim

350 1007 614 1055 Versabunt
630 1006 799 1056 celeres
823 1021 948 1053 nunc
970 1021 1091 1052 nova
1110 1005 1314 1051 membra
1331 1013 1468 1054 rotae.

291 1072 393 1121 Hi'c
416 1073 515 1126 erit,
538 1079 585 1117 et
602 1086 752 1117 ramos
768 1069 939 1118 frustra
960 1071 1037 1131 qui
1060 1077 1211 1134 captet
1232 1077 1281 1116 et
1301 1072 1480 1121 undas.

353 1136 450 1185 Hic
473 1137 764 1184 inconsumto
786 1136 974 1184 viscere
985 1144 1310 1199 pascetavem.

284 1202 397 1252 Nec
418 1203 580 1249 mortis
602 1216 765 1263 poenas
786 1218 910 1248 mors
935 1202 1076 1248 altera
1096 1200 1224 1249 finiet
1244 1201 1414 1264 hujus.

359 1268 582 1328 Horaque
603 1268 691 1314 erit
712 1268 854 1315 tantis
876 1267 1038 1314 ultima
1059 1266 1186 1313 nulla
1206 1267 1353 1314 malis.

289 1333 406 1382 Inde
422 1348 512 1396 ego
527 1349 673 1397 pauca
695 1348 886 1389 canam3
919 1332 1105 1379 frondes
1128 1339 1180 1378 ut
1200 1332 1236 1380 si
1260 1332 1362 1393 quis
1384 1332 1442 1380 ab
1466 1331 1568 1394 Ida,

354 1400 455 1447 Aut
477 1414 701 1446 summam
726 1398 903 1459 Libyco
926 1398 982 1444 de
1000 1411 1132 1444 mare
1152 1405 1310 1459 carpat
1330 1413 1515 1459 aquam.

286 1465 413 1515 Nam
431 1480 580 1527 neque
594 1472 706 1527 quot
726 1463 864 1512 flores
888 1461 1042 1512 Sicula
1063 1478 1093 1510 n
1094 1470 1308 1513 ascantur
1327 1464 1378 1511 in
1401 1463 1577 1529 Hybla,

356 1532 543 1587 Quotve
563 1531 692 1585 ferat,
717 1531 876 1584 dicam,
900 1538 1023 1577 terra
1046 1527 1215 1577 Cilissa
1232 1545 1408 1579 crocos.
1544 1535 1636 1579 200

288 1597 395 1646 Nec
418 1594 522 1645 eum
546 1598 689 1644 tristis
711 1597 856 1643 hiems
881 1595 1127 1656 Aquilonis
1148 1595 1376 1644 inhorruit
1395 1595 1496 1654 alis.

358 1659 511 1717 Quam
533 1663 679 1709 multa
696 1661 777 1708 fiat
776 1662 1021 1740 grandine
1044 1674 1185 1709 canus
1208 1660 1376 1711 Athos.

289 1727 395 1778 Nec
417 1728 538 1775 mala
559 1743 674 1776 voce
695 1742 800 1773 mea
821 1728 998 1790 possint
1014 1733 1094 1773 tua
1114 1734 1283 1774 cuncta
1302 1721 1494 1787 refu-1¹55

356 1793 453 1841 Ora
473 1791 585 1840 licet
606 1795 777 1841 tribuas
797 1793 1098 1854 multiplicata
1118 1792 1245 1839 mihi.

292 1857 389 1907 Tot
409 1860 504 1916 tibi,
526 1874 601 1907 vae
622 1861 805 1914 misero,
829 1860 1015 1905 venient
1039 1857 1242 1918 talesque
1258 1857 1419 1915 ruinae,

358 1924 431 1972 Ut
452 1926 556 1986 cogi
580 1926 627 1971 in
648 1925 856 1972 lacrimas
872 1939 949 1970 me
969 1939 1150 1984 quoque
1169 1938 1307 1984 posse
1319 1930 1495 1985 putem.

291 1987 395 2038 111ae
417 2006 492 2037 me
511 1991 713 2037 lacrimae
735 1990 902 2037 facient
925 1989 1023 2036 sine
1043 1987 1135 2035 fine
1155 1989 1369 2036 beatum:

356 2055 554 2103 Dulcior
577 2057 649 2103 hic
672 2057 766 2103 risu
788 2062 898 2102 tunc
919 2055 1031 2101 mihi
1053 2053 1189 2101 fletus
1211 2054 1313 2102 erit.

293 2120 449 2169 Natus
471 2136 521 2169 es
542 2121 735 2178 infelix3
770 2122 835 2167 ita
857 2120 927 2168 Di
947 2120 1169 2177 voluere;
1203 2134 1289 2166 nec
1311 2118 1408 2168 ulla

358 2184 614 2236 Commoda
634 2187 840 2233 nascenti
862 2187 995 2233 stella
1014 2186 1219 2246 levisque
1238 2183 1342 2231 fuit.
1542 2189 1637 2234 210

291 2251 406 2302 Non
430 2251 592 2299 Venus
614 2251 810 2305 adfulsit,
834 2267 930 2299 non
952 2250 1031 2298 illa
1049 2249 1234 2312 Jupiter
1254 2248 1370 2298 hora
1389 2267 1404 2297 t

359 2317 554 2365 Lunave
575 2332 669 2363 non
692 2324 798 2377 apto
823 2316 964 2363 Solve
984 2316 1114 2363 fuere
1134 2316 1253 2364 loco.

281 2381 402 2430 ‘Nec
424 2382 534 2429 satis
556 2381 728 2428 utiliter
747 2382 921 2443 positos
944 2383 1023 2429 tibi
1044 2379 1269 2443 praebuit’
1256 2394 1405 2444 ignes,
1452 2430 1460 2439 ,

359 2446 512 2502 Quem
534 2447 708 2507 peperit
728 2461 900 2508 magno
921 2447 1071 2494 lucida
1094 2446 1196 2510 Ma
1197 2461 1226 2493 a
1243 2445 1371 2494 Jovi.

290 2509 365 2559 Te
384 2511 494 2566 fera,
519 2525 605 2557 nec
626 2511 867 2571 quidquam
889 2512 1116 2574 placidum
1138 2464 1425 2574 spondentia,
1450 2509 1621 2561 Martis

360 2576 518 2623 Sidera
539 2583 815 2638 presserunt,
837 2576 1121 2643 falciferique
1142 2578 1280 2625 senis.

293 2637 402 2686 Lux
422 2654 603 2701 quoque
625 2640 801 2695 natalis,
824 2656 884 2689 ne
904 2642 1028 2702 quid,
1046 2642 1142 2689 nisi
1162 2643 1306 2697 triste,
1329 2640 1567 2750 videte...

355 2701 538 2768 Turpis,
559 2712 609 2753 et
627 2704 823 2754 inductis
844 2707 1041 2755 nubibus
1060 2714 1162 2762 atra
1182 2705 1283 2755 fuit.
