1842 2966
265 181 268 192 .
320 151 422 196 340
626 145 681 194 P.
714 144 949 195 OVIDII
982 144 1288 197 NASONIS

318 277 519 327 Desinet
539 293 640 326 esse
660 275 785 341 prinis
806 279 1059 327 contrarius
1078 280 1264 343 ignibus
1282 280 1485 338 humor-3

384 342 645 405 ,Iunctaque
666 359 771 391 cum
795 342 934 392 Luna
955 345 1102 392 sidera
1124 345 1250 393 Solis
1265 352 1437 401 erunt3

323 407 526 471 Parsque
548 410 704 456 eadem
727 410 832 456 coeli
855 409 1093 472 Zephyros
1113 411 1295 458 emittet
1315 417 1366 457 et
1389 408 1585 467 Eurot3

388 474 455 522 Et
476 476 654 537 tepidus
675 474 828 539 gelido
850 474 976 522 flabit
997 477 1053 522 ab
1075 490 1163 523 axe
1186 475 1344 523 Notus
1363 491 1380 531 ς

324 538 393 587 Et
408 555 529 588 nova
537 540 748 587 fraterno
769 542 923 587 veniet
943 541 1187 588 concordia
1204 540 1369 598 fum03

391 605 544 661 Quem
567 614 699 654 vetus
720 604 909 653 accensa
930 614 1109 668 separat
1129 607 1196 652 ira
1215 604 1360 668 pyr&

323 670 393 720 Et
407 668 507 718 Ver
529 671 783 727 Autumno,
808 671 998 719 Brumae
1019 672 1281 718 miscebitur
1303 670 1502 727 AEstas3

393 736 551 797 Atque
572 737 730 784 eadem
755 738 882 800 regio
907 736 1087 799 Vesper
1108 743 1157 783 et
1179 735 1323 783 Ortus
1347 742 1489 783 emnt
1503 751 1517 780 ι

329 798 484 864 Quem
507 804 618 849 mihi
641 803 701 849 sit
721 810 873 850 tecum
894 803 1068 865 positis,
1091 817 1196 864 quae
1218 801 1486 856 sumsimus,
1511 797 1657 852 armis,

395 867 570 921 Gratia,
593 868 861 923 commissis,
882 868 1100 930 improbe,
1124 865 1256 929 rupta
1275 868 1393 914 tuis:
1615 866 1674 908 4⁰

329 930 483 988 Quatn
507 932 636 979 dolor
657 934 730 979 hic
753 948 969 995 umquam
992 934 1137 996 spatio
1158 946 1435 979 evanescere
1446 930 1611 994 possit,

396 996 563 1044 Leniat
584 1004 663 1044 aut
684 998 837 1045 odium
855 1007 1035 1061 tempus
1057 1006 1105 1046 et
1125 999 1238 1045 hora
1257 1013 1432 1044 meum.

329 1060 433 1110 Pax
454 1063 539 1108 erit
560 1064 659 1109 haec
682 1063 825 1119 nobis,
850 1063 997 1111 donec
1019 1064 1129 1111 mihi
1151 1063 1247 1110 vita
1267 1062 1489 1118 manebit,

397 1124 518 1175 Cum
540 1143 704 1189 pecore
725 1125 905 1176 infirmo
928 1144 1032 1190 quae
1053 1128 1170 1176 solet
1190 1144 1293 1175 esse
1311 1127 1448 1190 lupis·

328 1187 488 1240 Prima
509 1193 691 1253 quidem
713 1201 866 1257 coepto
889 1195 1172 1242 committam
1193 1193 1357 1256 proelia
1376 1207 1521 1242 versu
1537 1209 1553 1240 ι

395 1256 510 1304 Non
532 1258 711 1306 soleant
731 1260 941 1322 quamvis
963 1260 1049 1307 hoc
1070 1260 1187 1322 pede
1206 1259 1326 1307 bella
1338 1259 1456 1321 geri.

333 1321 494 1386 thue
513 1325 628 1387 petit
648 1322 795 1387 primd
815 1325 1003 1388 plenum
1019 1323 1230 1373 flaventis
1249 1339 1407 1372 arenae

396 1387 617 1437 Nondum
642 1389 820 1438 calfacti
843 1389 993 1438 velitis
1015 1391 1146 1438 hasta
1167 1390 1316 1437 solum
1323 1406 1340 1448 3

332 1451 411 1505 Sic
435 1470 524 1520 ego
549 1462 597 1503 te
617 1454 738 1505 ferro
755 1456 1201 1520 nondumjaculabor
1222 1461 1391 1514 acutog

400 1520 617 1568 Protinus
636 1522 836 1569 invisum
853 1538 938 1569 nec
960 1529 1086 1584 petet
1106 1523 1236 1570 hasta
1256 1528 1409 1584 caput.
1621 1519 1678 1565 60

332 1586 401 1637 Et
423 1602 571 1648 neque
593 1602 760 1636 nomen
783 1589 831 1636 in
852 1588 954 1643 hoc,
980 1602 1065 1635 nee
1087 1587 1235 1635 dicam
1256 1587 1378 1634 faeta
1398 1584 1582 1634 libelloz

398 1651 561 1713 Teque
574 1654 715 1709 brevi,
737 1653 814 1716 qui
831 1653 907 1707 sis,
932 1653 1213 1701 dissimulare
1233 1654 1396 1700 sinam.

337 1716 603 1773 Postmodo,
628 1719 665 1766 si
687 1733 865 1781 perges,
887 1719 937 1765 in
958 1728 1005 1765 te
1027 1719 1137 1765 mihi
1152 1719 1266 1765 liber
1281 1715 1468 1768 Iambus

398 1781 567 1831 Tincta
588 1782 851 1844 Lycambeo
874 1784 1097 1847 sanguine
1118 1784 1209 1831 tela
1224 1784 1359 1832 dabit.

333 1847 492 1905 Nunc,
514 1865 608 1910 quo
629 1848 864 1897 Battiades
880 1850 1112 1897 inimicum
1134 1850 1333 1898 devovet
1353 1846 1474 1904 Ibin.

400 1912 511 1961 Hoc
533 1931 622 1977 ego
645 1914 851 1963 devoveo
872 1923 1008 1976 teque
1031 1922 1224 1976 tuosque
1245 1915 1399 1961 modo.

336 1978 498 2041 thue
518 1981 609 2036 ille,
630 1980 832 2028 historiis
848 1981 1080 2027 involvam
1101 1981 1303 2027 carmina
1322 1978 1459 2027 caecis
1473 1994 1488 2025 t

402 2044 516 2092 Non
538 2046 707 2093 soleam
729 2046 936 2108 quamvis
956 2046 1044 2092 hoc
1059 2061 1208 2109 genus
1229 2046 1326 2106 ipse
1342 2043 1490 2105 sequi.

335 2108 468 2158 Illius
491 2110 704 2174 ambages
725 2112 929 2159 imitatus
948 2111 996 2159 in
1020 2108 1161 2165 Ibide,
1184 2109 1308 2159 dicar

401 2174 582 2223 Oblitus
604 2178 745 2223 moris
757 2177 1008 2239 Judiciique
1023 2175 1127 2224 mei.
1621 2174 1679 2220 60

333 2241 404 2292 Et
424 2242 653 2302 quoniam,
676 2242 752 2302 qui
778 2242 852 2296 sis,
870 2242 1073 2289 nondum
1094 2240 1404 2303 quaerentibus
1425 2238 1546 2298 edo;
1784 2222 1789 2305 l

403 2304 544 2353 Ibidis
565 2307 739 2352 interea
761 2313 811 2352 tu
833 2322 1016 2367 quoque
1036 2322 1205 2354 nomen
1225 2307 1356 2354 habe.
1788 2308 1789 2349 ἓ

338 2369 500 2433 thue
521 2372 610 2416 mei
633 2386 791 2426 versus
814 2369 1092 2433 aliquantum
1116 2372 1264 2418 noctis
1284 2370 1530 2426 habebunt.

403 2436 480 2483 Sic
502 2436 611 2481 vitae
634 2435 774 2482 series
797 2442 894 2482 tota
917 2437 977 2482 sit
999 2445 1098 2484 atra
1122 2444 1231 2484 tuae.
1332 2473 1337 2477 .

337 2498 463 2549 Haee
484 2499 564 2546 tibi
587 2500 724 2545 natali
746 2499 853 2547 faxo
885 2499 1084 2563 ‚Ianique
1109 2500 1325 2550 Calendis

405 2562 517 2610 Non
533 2565 780 2611 mentituro
802 2566 990 2625 quilibet
1011 2582 1091 2613 ore
1112 2567 1254 2630 legat.

339 2626 411 2676 Dt
430 2629 568 2675 maris
589 2635 637 2675 et
658 2635 804 2684 terrae,
828 2631 995 2691 quique
1015 2633 1089 2678 his
1110 2630 1298 2679 meliora
1316 2631 1488 2681 tenetis

403 2688 534 2742 Inter
554 2692 759 2745 diversos
781 2709 887 2742 cum
908 2693 1033 2748 Jove
1055 2711 1201 2763 regna
1218 2695 1382 2764 Ροὶοες
1786 2678 1787 2759 1
