1842 2966
503 156 888 211 msmnuu
917 156 1138 210 mu,
1199 134 1206 147 '
1442 165 1513 214 so

155 294 338 344 Nullus
360 290 598 343 anhelabat
617 292 702 341 sub
722 292 899 340 adunco
916 307 1108 342 vomere
1128 288 1312 342 taurus:

229 358 380 408 Nulla
399 358 484 406 sub
503 358 693 421 imperio
714 365 838 406 terra
856 359 1048 406 colentis
1070 365 1169 413 erat
1181 376 1196 405 ε

159 423 340 474 Nullus
363 424 510 471 adhuc
530 430 629 471 erat
647 439 758 472 usus
779 424 906 486 equi:
937 439 987 471 se
1008 423 1197 486 quiaque
1214 422 1404 474 ferebat.
1493 422 1502 427 ’

231 489 342 538 Ibat
363 491 464 537 ovis
482 487 588 538 lana
605 504 771 552 corpus
790 490 958 538 amicta
978 487 1074 536 sua.

163 556 267 604 Sub
287 554 411 604 Jove
426 555 657 610 durabant,
679 562 728 602 et
747 569 939 618 corpora
958 554 1082 602 nuda
1101 554 1333 617 gerebant,

232 620 395 669 Docta
414 629 580 683 graves
602 621 766 668 imbres
786 628 835 668 et
854 621 1051 667 tolerare
1072 619 1243 667 Notos.
1416 624 1521 669 300

165 685 316 735 Nunc
338 701 521 747 quoque
541 685 705 733 detecti
726 685 931 734 referunt
949 691 1249 733 monumenta
1267 686 1437 734 vetusti

232 751 405 806 Moris,
427 758 476 798 et
496 751 703 831 antiquas
722 751 1022 799 testificantur
1041 765 1167 813 opes.
1371 760 1375 765 ’

170 817 282 871 Sed,
305 831 388 865 cur
402 819 628 879 praecipue
647 816 795 879 fugiat
807 817 1038 865 velamina
1058 815 1264 872 Faunus,

236 882 456 930 Traditur
475 883 646 944 antiqui
665 881 816 931 fabula
834 883 971 945 plena
983 883 1094 946 joci.

169 945 320 997 Forte
342 962 497 996 comes
516 948 715 996 dominae
725 949 911 1011 juvenis
933 947 1205 1010 Tirynthius
1223 947 1348 996 ibata

241 1012 375 1060 Vidit
394 1013 450 1060 ab
470 1012 654 1061 excelso
674 1012 863 1061 Faunus
882 1020 1129 1075 utrumque
1137 1014 1276 1077 jugo·

172 1076 321 1133 Vidit,
345 1085 393 1125 et
410 1078 610 1135 incaluit,
636 1078 954 1140 Montanaque
972 1079 1175 1134 numina,
1199 1078 1329 1133 dixit,

239 1143 328 1192 Nil
347 1145 457 1191 mihi
472 1144 705 1192 vobiscum
725 1152 821 1192 est:
848 1145 952 1192 hoec
973 1158 1104 1192 meus
1124 1144 1259 1192 ardor
1278 1143 1381 1193 erit.

176 1207 284 1258 Ibat
304 1209 503 1258 odoratis
519 1211 731 1258 humeros
749 1210 935 1273 perfusa
954 1209 1126 1273 capillis

242 1274 461 1331 Maeonis,
483 1284 644 1322 aurato
666 1276 984 1337 conspicienda
1003 1275 1121 1322 sinu.
1424 1275 1528 1321 310

175 1340 335 1389 Aurea
353 1340 579 1404 pellebant
599 1341 778 1403 rapidos
799 1340 1060 1388 umbracula
1080 1338 1232 1397 soles3

242 1405 367 1461 Quae
388 1411 543 1454 tamen
565 1404 813 1452 Herculeae
834 1405 1089 1452 sustinuere
1107 1417 1288 1451 manus.

177 1470 378 1534 Jamque
396 1487 560 1520 nemus
580 1470 766 1527 Bacchi,
788 1469 946 1519 Tmoli
964 1469 1133 1525 vineta,
1158 1468 1368 1517 tenebat:

246 1537 488 1601 Hesperus
500 1544 548 1585 et
566 1537 698 1585 fusco
721 1536 926 1586 roscidus
946 1535 1039 1584 ibat
1058 1548 1192 1595 equo.

182 1603 336 1654 Antra
357 1604 489 1659 subit,
511 1603 661 1667 tophis
680 1602 979 1665 laqueataque
990 1600 1172 1663 pumice
1189 1597 1330 1648 vivut

248 1669 473 1718 Garrulus
491 1669 539 1716 in
551 1670 699 1731 primo
719 1668 876 1715 limine
890 1667 1017 1714 rivus
1038 1672 1149 1714 erat.

178 1733 402 1797 Dumque
423 1741 582 1797 parant
601 1733 756 1797 epulas
774 1731 1061 1796 potandaque
1079 1731 1188 1781 vina
1206 1728 1415 1787 ministri,

251 1798 463 1850 cultibus
483 1798 679 1848 Alciden
698 1800 883 1846 instruit
899 1797 980 1845 illa
999 1798 1108 1845 suis.

181 1864 286 1916 Dat
306 1872 467 1913 tenues
483 1865 674 1921 tunicas,
692 1864 881 1912 Gaemlo
899 1864 1074 1910 murice
1092 1862 1283 1910 tinctast

252 1930 355 1979 Dat
374 1937 565 1978 teretem
587 1943 771 1985 zonam,
793 1927 885 1992 qua
903 1925 1043 1975 moda
1063 1927 1215 1975 cincta
1233 1926 1335 1974 fuit.
1430 1928 1534 1974 320

188 1993 370 2045 Venti-e
388 1996 540 2043 minor
562 2010 685 2043 zona
704 2002 794 2043 est:
828 1994 1088 2043 tunicarum
1107 1992 1262 2041 vincla
1279 1990 1467 2046 relaxat,

255 2059 328 2108 Ut
347 2062 492 2124 possit
510 2068 664 2109 vastas
685 2061 946 2108 exseruisse
960 2074 1138 2107 manus.
1545 2053 1552 2062 ²

189 2125 413 2190 Fregerat
433 2126 629 2174 armillas
650 2141 743 2174 non
763 2126 843 2173 illa
863 2126 920 2173 ad
932 2124 1114 2172 brachia
1131 2121 1306 2171 factas:

255 2192 550 2256 Stringebant
567 2206 763 2255 magnos
783 2190 968 2239 vincula
984 2203 1127 2254 parva
1144 2188 1296 2252 pedes.

189 2256 299 2323 Ipsa
318 2259 439 2319 capit
460 2258 724 2320 clavamque
744 2271 948 2320 gravem,
970 2254 1252 2318 spoliumque
1269 2251 1429 2309 leonis,

258 2321 545 2385 conditaque
563 2323 612 2370 in
631 2321 843 2387 pharetra
861 2321 957 2369 tela
972 2321 1152 2368 minora
1170 2316 1267 2367 sufl-

192 2388 270 2437 Sic
284 2388 429 2452 epulis
447 2386 605 2444 functi,
629 2389 693 2436 sic
715 2388 824 2436 dant
843 2401 928 2435 sua
946 2400 1138 2449 corpora
1156 2395 1317 2433 somno
1332 2399 1349 2442 ς

256 2452 326 2501 Et
344 2453 505 2516 positis
517 2451 652 2516 juxta
665 2453 908 2502 secubuere
928 2452 1056 2499 toris.

193 2516 402 2577 Caussa3
426 2520 641 2581 repertori
662 2518 769 2566 vitis
820 2515 833 2531 '
884 2531 1013 2565 sacra
1030 2515 1258 2579 parabant,

259 2582 382 2640 Quae
395 2582 596 2631 facerent
615 2582 742 2648 pure,
888 2582 1011 2634 foret
1031 2588 1133 2629 orta
1152 2580 1263 2628 ἀίει
1433 2575 1535 2619 850

194 2648 363 2698 Noctis
377 2649 712 2698 eratmedium:
738 2647 847 2711 quid
867 2662 963 2695 non
979 2661 1106 2694 amor
1119 2641 1351 2705 improbus
1371 2633 1534 2685 audet?

261 2712 463 2764 Roscida
481 2729 562 2779 per
581 2715 790 2766 tenebras
810 2712 1002 2766 Faunus
1014 2711 1225 2821 adnaizztra
1244 2703 1384 2773 venit.
