1842 2966
376 129 475 172 216
696 118 753 168 P.
786 112 1030 169 OVIDII'
1055 117 1358 172 NASONIS
1393 117 1402 124 ’

378 252 598 302 Ponticus
621 250 797 306 Heroo,
822 250 1014 298 Bassus
1008 265 1198 313 quoque
1219 252 1370 302 clarus
1391 252 1590 314 Iiz'mbo,

441 316 612 366 Dulcia
631 316 867 365 convictfis
886 317 1088 363 membra
1106 316 1233 365 fuere
1254 320 1359 365 mei.

377 384 445 432 Et
467 383 613 430 tenuit
637 390 815 450 nostras
837 396 1105 428 numerosus
1132 380 1354 430 Horatius
1375 400 1557 444 ειη-ας

438 448 569 500 Dum
585 447 689 496 ferit
700 439 920 494 Ausonia
941 446 1140 494 carmina
1160 447 1280 494 culta
1298 449 1317 494 l
1665 449 1723 496 50

376 514 465 563 Vir
499 514 622 561 lium
643 513 736 559 vidi
757 511 961 559 tantum.
996 527 1081 558 nec
1102 527 1253 559 amara
1319 512 1508 562 »bullo'

487 591 645 642 empus
666 578 875 625 amicitiae
893 577 988 624 sata
1009 575 1172 624 dedere
1185 593 1313 625 meae·

309 688 317 695 .
383 646 629 694 Successor
646 643 734 689 fuit
748 643 820 688 hic
842 642 935 697 tibi,
959 642 1126 699 Galle,
1153 641 1418 705 Propertius
1445 645 1534 691 ini.

438 710 648 768 Quartus
670 709 725 755 ab
747 708 815 754 his
833 707 950 756 serie
971 708 1186 769 temporis
1207 707 1303 771 ipse
1321 708 1405 755 sui.

382 775 541 836 thue
561 789 650 837 ego
674 773 878 847 majores,
902 772 968 818 sic
989 787 1063 818 me
1086 772 1265 822 coluere
1285 774 1527 821 minores.

444 840 656 900 Notaque
674 837 770 885 non
791 835 920 883 tarde
940 836 1062 884 facta
1083 836 1245 883 Thalia
1265 853 1369 884 mea
1389 845 1485 885 est.

380 906 596 958 Carmina
616 899 717 949 cum
739 899 935 964 primum
956 901 1120 964 populo
1131 902 1355 964 juvenilia
1374 903 1510 965 legi3

442 970 592 1021 Barba
614 974 785 1014 resecta
803 966 913 1012 mihi
933 968 1060 1014 bisve
1080 966 1278 1016 semelve
1290 965 1391 1013 suit.

377 1033 626 1085 Moverat‘
613 1032 862 1094 mgenium‚
883 1039 1028 1078 totam
1049 1037 1230 1077 cantata
1243 1047 1324 1094 per
1343 1030 1543 1090 Urbem,

445 1098 647 1145 Nomine
661 1111 754 1143 non
774 1110 885 1142 vero
906 1096 1026 1142 dicta
1049 1047 1300 1144 CorinnaPe
1266 1097 1392 1143 mihi.
1657 1102 1712 1146 ω

377 1164 533 1214 Multa
545 1161 727 1225 quidem
746 1161 926 1223 scripsi:
965 1161 1045 1207 sed
1060 1176 1163 1222 quae
1184 1161 1349 1210 vitiosa
1369 1164 1546 1227 putavi,

442 1226 765 1277 Emendaturis
782 1226 997 1288 ignibus
984 1242 1081 1288 lpse
1103 1226 1220 1273 dedi.

377 1294 501 1343 Tum
515 1307 705 1355 quoque,
722 1287 825 1337 cum
834 1290 1056 1353 fugerem,
1066 1291 1271 1369 quaedam
1280 1291 1708 1355 placituracremsvi.
1783 1343 1784 1346 ,

446 1358 597 1406 Iratus
619 1357 767 1404 studio
788 1356 1147 1419 carminibusque
1167 1357 1293 1404 meis

282 1490 287 1495 ἱ
381 1426 543 1480 Molle,
568 1421 829 1486 Cupidineis
851 1435 936 1467 nec
957 1422 1304 1485 inexpugnabile
1323 1421 1429 1470 telis

447 1488 544 1541 Cor
565 1439 688 1544 mihpi,
710 1488 919 1549 quodque
938 1487 1052 1534 levis
1067 1503 1225 1535 caussa
1245 1495 1465 1544 moveret,
1483 1498 1598 1538 erat.

384 1556 505 1608 cum
528 1564 681 1603 tamen
703 1554 790 1600 boc
814 1567 975 1608 essem,
1000 1553 1277 1616 minimoque
1299 1554 1605 1603 aceenderer'
1591 1556 1705 1619 igui3

451 1622 654 1670 Nomine
673 1619 756 1666 sub
772 1623 929 1665 nostro
949 1617 1099 1665 fabula
1118 1619 1243 1665 nulla
1260 1617 1362 1666 fuit.

380 1684 511 1736 Pene
530 1686 641 1733 mibi
661 1698 802 1747 puero
823 1698 908 1729 nec
921 1683 1075 1745 dig-na,
1096 1698 1181 1730 nec
1202 1682 1337 1741 utilis,
1354 1698 1476 1732 uxor

446 1750 538 1801 Est
559 1751 686 1798 data:
714 1763 831 1810 quae·
837 1755 1019 1810 tempus
1038 1749 1255 1811 perbreve
1276 1755 1418 1811 nupta
1438 1748 1544 1798 fuit.
1649 1753 1705 1800 70

381 1815 457 1865 Illi
480 1815 709 1871 successit,
732 1814 939 1875 quamvis
960 1814 1058 1860 sine
1076 1814 1277 1870 crimine,
1299 1815 1470 1877 conjux
1483 1833 1503 1874 3

446 1881 559 1930 Non
580 1888 732 1928 tamen
754 1879 803 1924 in
824 1885 980 1925 nostro
1001 1877 1131 1925 firma
1149 1879 1301 1928 futura
1321 1886 1438 1927 toro.

381 1947 572 2002 Ultima,
595 1960 699 2007 quae
720 1959 897 1991 mecum
920 1958 1044 1990 seros
1065 1945 1310 2006 permansit
1327 1946 1376 1991 in
1398 1959 1554 2003 annos,

449 2011 674 2062 Sustinuit
695 2010 863 2072 conjux
883 2009 1054 2055 exsulis
1075 2024 1175 2056 esse
1197 2010 1294 2056 viri.

380 2079 498 2128 Filia
518 2092 594 2123 me
613 2089 717 2121 mea
731 2075 802 2120 bis
822 2072 967 2135 prima
984 2072 1177 2122 fecunda
1187 2073 1393 2138 juventa,

447 2142 540 2190 Sed
560 2154 652 2187 non
673 2153 733 2185 ex
753 2153 845 2186 uno
866 2140 1074 2202 conjuge,
1093 2138 1204 2186 fecit
1224 2154 1373 2188 avum.

306 2256 317 2263 ,
381 2209 483 2270 Etj
485 2221 559 2254 am
581 2200 828 2265 complerat
845 2205 1028 2265 genitor
1049 2218 1131 2250 sua
1148 2203 1270 2262 sata3
1294 2218 1548 2266 novemque

447 2223 696 2321 Addiderat
716 2267 869 2313 lustris
890 2267 1031 2315 altera
1049 2269 1192 2316 lustra
1211 2284 1390 2317 novem.

380 2340 496 2387 Non
516 2335 645 2381 aliter
666 2331 786 2387 flevi,
808 2347 942 2393 quam
964 2348 1039 2380 me
1053 2329 1242 2381 fleturus
1262 2334 1489 2382 ademtum
1527 2382 1532 2387 ,
1779 2378 1780 2381 ,

424 2401 531 2449 Ille
549 2397 651 2444 fuit.
683 2396 826 2443 Matri
846 2397 1051 2458 proxima
1061 2398 1189 2460 justa
1208 2399 1308 2445 tuli.
1636 2402 1691 2446 80
1779 2394 1780 2453 ᾗ

380 2467 561 2515 Felices
582 2462 727 2517 ambo,
749 2459 1103 2541 tempestiveque
1124 2463 1301 2525 sepulti,
1779 2466 1780 2483 ¹

446 2531 572 2578 Ante
591 2525 709 2572 diem
729 2540 881 2586 poenae
900 2523 1022 2606 quod
1041 2528 1213 2587 periere
1234 2525 1380 2575 meae!

379 2596 466 2646 Me
487 2605 666 2666 quoque
684 2589 873 2644 felicem,
895 2587 1017 2651 quod
1038 2606 1129 2638 non
1152 2591 1516 2640 viventibusinis

445 2659 558 2709 Sum
579 2668 737 2704 unser
721 2687 740 2714 ,
756 2661 805 2702 et
823 2655 880 2703 de
900 2671 975 2702 me
994 2652 1115 2718 quod
1136 2656 1319 2706 doluere
1340 2654 1479 2707 nihil!
