1842 2966
331 156 426 200 196
628 199 633 204 ,
668 150 726 199 Ρ.
755 146 990 202 ovmn
1019 146 1325 200 NASONIS

333 280 456 328 Haec
476 280 587 327 mihi
608 282 684 343 qui
706 281 885 347 referet,
908 296 1013 343 quae
1035 295 1131 330 non
1152 281 1322 330 vidisse
1343 279 1531 337 dolebo,

360 367 365 372 ⁴
398 344 486 392 Ille
503 361 620 393 meae
642 347 794 395 domui
814 349 1021 410 protinus
1042 347 1205 408 hospes
1226 345 1326 392 erit.
1623 349 1699 393 ⁵0

332 409 428 457 Hei
449 411 584 460 mihi!
610 413 769 475 Jamne
784 413 945 459 domus
968 411 1184 473 Scythico
1205 409 1408 457 Nasonis
1426 410 1482 456 in
1506 411 1660 457 orbe?

394 474 589 539 Jamque
609 493 742 525 suum
763 478 872 525 mihi
893 477 972 523 dat
990 491 1074 539 pro
1096 475 1219 523 Lare
1238 489 1376 538 poeua
1387 474 1584 521 locum?

329 538 399 588 Di
419 540 598 599 faciant,
622 541 783 592 Caesar
802 557 894 588 non
917 542 990 588 hic
1010 540 1239 604 penetrale
1259 540 1566 602 domumque,

397 604 661 671 Hospitium
674 622 824 671 poenae
845 608 927 654 sed
948 607 1059 655 velit
1079 621 1180 655 esse
1198 621 1329 654 meae·

765 800 1033 851 ELEGIA
1066 799 1216 850 XIII.

332 932 467 981 Ecca
483 946 784 993 supervacuus
802 933 936 996 (quid
956 934 1075 979 enim
1095 932 1183 979 fuit
1204 931 1313 980 utile
1332 930 1473 995 gigni
1485 929 1540 992 ἲ)

399 997 478 1044 Ad
501 1010 582 1042 sua
603 997 762 1044 natalis
783 1005 989 1062 tempora
1009 1005 1162 1045 noster
1184 999 1324 1045 adest.

332 1061 480 1117 Dure,
503 1059 610 1121 quid
631 1063 686 1109 ad
708 1062 896 1110 miseros
917 1064 1128 1110 veniebas
1150 1062 1318 1111 exsulis
1339 1060 1537 1109 annos?

397 1125 635 1174 Debueras
654 1127 743 1174 illis
763 1128 1032 1190 imposuisse
1051 1127 1251 1175 modum.

336 1187 387 1238 Si
409 1191 488 1238 tibi
509 1206 618 1238 cura
635 1193 740 1249 mei,
762 1194 838 1241 vel
859 1194 898 1242 si
918 1193 1064 1256 pudor
1083 1194 1203 1241 ullus
1223 1194 1417 1250 inesset3

399 1255 511 1304 Non
534 1256 650 1305 ultra
669 1259 859 1321 patriam
879 1274 957 1306 me
977 1273 1214 1320 sequerere
1227 1272 1393 1305 meam.

337 1320 534 1382 Quoque
548 1322 651 1371 loco
670 1321 866 1387 primum
881 1325 962 1371 tibi
984 1339 1084 1373 sum
1106 1319 1224 1371 male
1245 1322 1460 1387 cognitus
1485 1320 1668 1378 infans,

399 1384 488 1433 1110
510 1386 732 1443 tentasses
754 1389 940 1436 ultimus
961 1403 1061 1437 esse
1081 1389 1208 1436 mihi.

331 1450 528 1513 Jamque
550 1451 838 1516 relinquenda
862 1453 1008 1519 (quod
1022 1454 1141 1503 idem
1155 1453 1305 1502 fecere
1325 1450 1542 1514 sodales)

396 1515 475 1575 :ru
491 1533 671 1581 quoque
691 1520 881 1569 dixisses
902 1520 1045 1568 tristis
1066 1522 1114 1568 in
1139 1519 1279 1575 Urbe,
1302 1517 1436 1565 Vale.
1638 1521 1704 1564 10

335 1581 460 1638 Quid
481 1584 560 1630 tibi
582 1600 684 1632 cum
702 1584 854 1632 Ponto
868 1585 892 1630 ἰ’
914 1601 1025 1632 num
1049 1593 1095 1634 te
1114 1598 1297 1647 quoque
1319 1581 1536 1632 caesaris
1558 1584 1637 1631 ira

402 1647 669 1697 Extremam
690 1650 828 1712 gelidi
849 1651 973 1697 misit
986 1652 1035 1697 in
1050 1651 1169 1698 orbis
1183 1651 1371 1697 humum
1385 1647 1410 1693 2³

334 1713 519 1760 Scilicet
539 1722 771 1777 exspectes
788 1716 906 1761 soliti
928 1715 1009 1762 tibi
1023 1717 1164 1763 moris
1178 1716 1411 1768 honorem,

405 1775 610 1826 Pendeat
629 1795 689 1828 ex
708 1781 906 1829 humeris
927 1781 1067 1828 vestis
1088 1788 1139 1827 ut
1159 1780 1258 1827 alba
1271 1780 1385 1826 meis
1399 1777 1425 1823 ἲ

336 1841 532 1891 Fumida
550 1844 761 1907 cingatur
783 1843 1045 1892 florentibus
1065 1861 1142 1892 ara
1154 1845 1332 1892 coronis
1344 1843 1367 1888 ἰ’

399 1907 616 1971 Micaque
628 1909 833 1958 sollemni
855 1911 970 1956 turis
990 1911 1039 1957 in
1060 1911 1167 1973 igne
1189 1916 1321 1957 sonet
1334 1908 1357 1954 ’ἒ

337 1972 540 2035 Libaque
562 1975 664 2021 dem
684 1990 766 2036 pro
787 1990 862 2021 me
881 1975 1080 2037 genitale
1100 1976 1304 2022 notantia
1325 1980 1513 2036 tempus
1530 1973 1560 2020 Ρ

402 2035 752 2101 Concipiamque
772 2042 912 2088 bonas
936 2056 1014 2087 ore
1034 2040 1216 2087 favente
1234 2038 1427 2101 preces?

336 2099 383 2149 N
389 2118 447 2149 on
470 2104 534 2149 ita
551 2119 651 2150 sum
673 2104 876 2165 positus:
906 2119 989 2152 nec
1012 2112 1117 2152 sunt
1137 2111 1417 2175 easpempora
1430 2103 1594 2161 nobis,

399 2166 617 2215 Adventu
637 2169 806 2229 possim
827 2169 961 2216 laetus
983 2177 1034 2216 ut
1055 2185 1154 2217 esse
1175 2177 1269 2219 tuo.
1628 2173 1695 2217 m

306 2276 313 2283 ,
334 2230 528 2280 Funeris
550 2246 626 2278 ara
647 2233 768 2288 mihi,
788 2232 917 2280 ferali
933 2235 1086 2289 ,cincta
1105 2250 1330 2299 cupresso,

402 2294 644 2352 Convenit,
668 2304 714 2345 et
734 2300 916 2347 structis
938 2297 1121 2346 flamma
1138 2306 1294 2362 parata
1314 2298 1453 2360 rogis.

335 2359 439 2407 Nec
461 2360 567 2406 dare
588 2367 688 2408 tura
707 2361 826 2418 libet,
849 2363 960 2409 nihil
981 2365 1214 2411 exorantia
1234 2362 1385 2411 Divos
1399 2379 1413 2408 ι

401 2422 460 2470 In
480 2425 618 2472 tantis
637 2426 829 2473 subeunt
850 2443 934 2473 nec
953 2427 1071 2475 bona
1086 2430 1223 2477 verba
1233 2428 1377 2476 malis.

336 2489 385 2535 Si
409 2495 560 2534 tamen
582 2498 652 2536 est
673 2490 837 2552 aliquid
859 2492 987 2538 nobis
1008 2491 1092 2539 hac
1111 2494 1213 2545 luce
1232 2492 1510 2554 petendum;

404 2550 461 2600 In
482 2551 583 2599 loca
603 2568 662 2601 ne
682 2555 837 2604 redeas
858 2554 1050 2618 amplius
1071 2558 1170 2612 ista,
1194 2572 1379 2619 precor:

314 2614 467 2663 'Dum
489 2631 575 2672 me,
599 2623 817 2666 terrarum
838 2636 942 2682 pars
963 2618 1080 2682 pene
1102 2622 1360 2678 novissima,
1384 2619 1595 2677 Pontus,

401 2679 573 2731 Euxini
592 2680 707 2731 falso
728 2686 911 2733 nomine
933 2685 1090 2745 dictus,
1112 2686 1257 2734 habet.
