1842 2966
316 131 412 174 244
654 125 711 174 P.
748 123 983 174 ov1D11
1015 105 1313 174 'NAsoms

314 255 546 318 Quidquid
565 255 612 303 id
633 263 717 311 est,
740 256 938 321 adjunge
958 258 1086 304 meis.
1129 255 1260 304 Nihil
1280 256 1478 321 impedit
1496 264 1632 306 orto·

379 320 568 376 lex-ule,
592 322 781 372 servatis
800 323 988 386 legibus,
1015 322 1145 370 Urbe
1158 323 1261 371 frui.

316 386 457 440 Quod
476 394 653 435 metuas
669 403 761 435 non
782 396 866 434 est-
909 388 1088 435 Antoni
1109 390 1276 453 scripta
1292 387 1528 450 leguntur
1542 407 1559 436 ε

378 450 560 499 Doctus
575 459 622 500 et
642 454 690 499 in
711 460 892 515 promtu
914 454 1078 500 scrinia
1093 452 1267 500 Brutus
1287 455 1433 502 habet.

314 515 418 564 Nec
440 532 515 564 me
536 518 790 566 nominibus
807 518 1006 566 ffiriosus
1027 518 1210 566 confero
1232 519 1386 566 tantis.

381 582 519 632 Saeva
540 582 673 630 Deos
693 591 851 630 contra
872 600 965 630 non
986 591 1138 630 tamen
1161 599 1284 631 anna
1304 583 1406 630 tuli.

316 646 533 709 Denique
556 646 784 705 caesareo,
800 650 921 710 quod
943 664 1036 695 non
1058 649 1279 695 desiderat
1298 649 1411 710 ipse,

383 711 496 761 Non
515 724 642 761 caret
660 711 691 762 e*
714 716 879 761 nostris
901 714 1020 760 ullus
1042 714 1213 761 honore
1232 714 1358 761 liber.

320 777 370 826 Si
388 778 561 826 dubitas
579 781 636 826 de
656 795 763 837 me3
784 779 940 826 laudes
962 779 1148 826 admitte
1169 778 1400 826 Deorum:

380 843 449 891 Et
468 860 650 892 carmen
672 846 825 892 demto
846 845 1030 892 nomine
1051 860 1180 891 sume
1201 859 1370 894 meum.
1603 848 1669 892 50

204 932 214 943 ·
316 908 520 957 Ad'uvat
540 910 589 956 in
608 910 726 956 bello
746 917 921 972 pacatae
943 923 1095 956 ramus
1117 910 1274 968 olivaez

478 974 592 1021 derit
608 974 859 1022 Auctorem
888 973 1018 1022 Pacis
1037 976 1201 1022 habere
1220 972 1365 1021 nihil?

316 1036 577 1088 Cdmfforet
598 1038 765 1086 AEneae
784 1042 943 1086 cervix
962 1041 1160 1103 subjecta
1176 1041 1366 1102 parenti,

383 1102 570 1151 Dicitur
585 1105 682 1166 ipsa
701 1105 801 1152 viro
823 1104 1009 1152 flamma
1028 1106 1204 1153 dedisse
1224 1106 1358 1153 viam.

318 1167 431 1217 Fert
449 1168 561 1215 liber
583 1165 825 1218 AEneaden
843 1189 855 1217 ι
884 1179 932 1218 et
953 1186 1045 1219 non
1067 1172 1155 1217 iter
1173 1186 1311 1218 omne
1324 1170 1495 1234 patebit
1507 1170 1533 1217 ⁰?

238 1253 243 1259 ·
387 1233 457 1281 At
479 1237 638 1297 patriae
654 1243 782 1299 pater
802 1238 907 1294 hic;
929 1238 1072 1299 ipsius
1093 1235 1170 1283 ille
1189 1235 1291 1283 fuit.

319 1298 493 1361 Ecquis
514 1301 579 1349 ita
599 1308 671 1350 est
693 1303 852 1359 audax,
876 1302 1098 1349 ut'limine
1113 1309 1250 1363 cogat
1265 1301 1390 1349 abire

382 1357 641 1415 Jactantem
665 1366 832 1415 Pharia
851 1368 1028 1414 tinnula
1043 1368 1176 1414 sistra
1195 1366 1367 1430 manu?

319 1429 446 1479 Ante
453 1430 621 1480 -Deum
645 1429 847 1482 Matrem
868 1445 1012 1481 cornu
1032 1432 1199 1480 tibicen
1219 1433 1395 1480 adunco

388 1495 509 1546 cum
532 1501 683 1560 canit3
705 1501 889 1563 exiguae
908 1501 1011 1562 quis
1032 1499 1161 1562 stipis
1184 1514 1276 1547 aera
1296 1498 1466 1562 neget?
1594 1504 1660 1565 49

321 1562 502 1612 Scimus
523 1566 578 1612 ab
598 1562 789 1629 imperio
808 1565 906 1612 fieri
929 1566 994 1612 nil
1013 1565 1106 1612 tale
1129 1563 1318 1613 Dianoe:

392 1627 531 1678 Unde
547 1639 705 1679 tamen
727 1632 852 1678 vivat
872 1630 1141 1677 vaticinator
1159 1631 1305 1678 habet.

323 1691 433 1756 Ipsa
451 1705 640 1744 movent
661 1698 835 1744 animos
859 1696 1136 1759 Superorum
1159 1697 1346 1743 numina
1366 1702 1549 1744 nostros
1556 1711 1575 1754 3

386 1757 542 1822 Turpe
564 1777 651 1809 nec
671 1768 743 1810 est
762 1762 841 1809 tali
863 1762 1128 1809 credulitate
1141 1761 1255 1823 capi.

321 1822 401 1874 En
422 1840 525 1886 ego,
547 1824 633 1889 pro'
653 1828 800 1882 sistro,
825 1826 1107 1889 Phrygiique
1127 1826 1349 1872 foramine
1366 1826 1487 1882 buxi,

390 1889 556 1938 Gentis
578 1890 721 1939 Iiileae
737 1893 924 1939 nomina
944 1898 1098 1937 sancta
1108 1890 1221 1937 fero.

326 1953 577 2013 vaticinor,
601 1953 882 2019 mbneoque3
914 1956 1068 2001 locum
1090 1954 1194 2002 date
1216 1969 1343 2001 sacra
1356 1953 1542 2003 ferentiz

390 2018 501 2068 Non
524 2023 649 2077 mihi,
673 2023 754 2069 sed
773 2036 945 2083 magno
963 2020 1165 2081 poscitur
1183 2019 1260 2066 ille
1282 2019 1406 2067 Deo.

324 2084 442 2141 Nec,
466 2088 573 2147 quia
592 2087 667 2133 vel
687 2088 846 2140 merui,
865 2087 941 2134 vel
963 2085 1084 2132 sensi
1109 2082 1332 2148 Principis
1352 2085 1477 2142 iram,

395 2151 450 2199 A*
473 2151 602 2199 nobis
622 2151 770 2212 ipsum
794 2150 916 2197 nolle
934 2157 1093 2213 putate
1108 2149 1209 2197 coli.
1595 2154 1658 2200 50

326 2214 437 2263 Vidi
459 2231 548 2278 ego
568 2215 777 2276 linigerae
799 2229 970 2262 numen
992 2212 1187 2263 violasse
1197 2214 1416 2262 fatentem

395 2278 543 2335 Isidis,
569 2276 741 2326 Isiacos
762 2287 868 2327 ante
889 2280 1047 2328 sedere
1064 2280 1210 2329 focos·

327 2346 478 2399 Alter,
501 2346 559 2392 ob
574 2345 679 2391 huic
701 2344 892 2392 similem
914 2345 1118 2407 privatus
1138 2344 1311 2392 lumine
1332 2344 1517 2408 culpmi,

397 2406 634 2457 Clamabat
653 2408 814 2466 media,
839 2425 890 2457 se
905 2411 1137 2466 meruisse,
1158 2409 1248 2457 cia.

328 2472 462 2520 Talia
483 2472 692 2522 coelestes
713 2475 811 2522 {ieri
830 2477 1058 2539 praeconia
1077 2475 1293 2537 gaudent,

399 2536 483 2592 Ut,
506 2553 588 2585 sua
601 2540 711 2601 quid
729 2541 911 2588 valeant
932 2541 1130 2595 numina,
1151 2546 1270 2586 teste
1288 2540 1496 2602 probent·

331 2601 468 2664 Saepe
487 2603 641 2653 levant
659 2619 833 2667 poenas,
854 2612 1095 2667 ereptaque
1112 2604 1287 2650 lumina
1306 2604 1500 2653 reddunt
1506 2620 1523 2664 ς

401 2664 523 2717 Cium
542 2669 657 2719 bene
676 2670 850 2733 peccati
869 2669 1136 2735 poenituisse
1155 2669 1328 2718 vident.
