1842 2966
371 178 467 223 232
709 170 765 219 P.
799 167 1033 219 OVIDII
1064 164 1366 217 NASONIS

373 302 548 366 Exiget
569 304 626 350 ab
648 303 807 365 dignas
829 302 968 349 ultrix
988 300 1273 347 Rhamnusia
1291 295 1491 362 poenas!

441 366 662 431 Imposito
683 368 828 415 calcas
848 368 957 428 quid
975 380 1080 412 mea
1097 365 1192 411 fata
1211 363 1360 425 pede?
1684 365 1737 410 10

375 432 486 481 Vidi
508 448 612 496 ego,
636 433 1008 495 naufragiumque
1026 431 1149 477 viros
1170 437 1218 476 et
1237 431 1284 476 in
1308 443 1504 491 aequore
1527 427 1714 492 mergi·
1793 427 1794 458 ἶ

440 498 520 554 Et,
544 498 822 559 Numquam,
845 498 951 551 dixi,
964 497 1132 558 justior
1152 495 1274 542 unda
1290 493 1396 541 fuit.

375 563 501 612 Vilia
521 565 597 627 qui
618 564 842 626 quondam
862 563 1040 608 miseris
1059 561 1272 607 alimenta
1292 556 1508 622 negarat.

442 628 583 677 Nunc
606 630 860 677 mendicato
879 627 1079 688 pascitur
1098 627 1197 687 ipse
1216 625 1331 672 cibo.

378 695 593 744 Passibus
615 695 836 756 ambiguis
860 692 1064 739 Fortuna
1083 689 1294 738 volubilis
1315 697 1457 744 errat,

444 760 511 812 Et
531 768 685 808 manet
706 762 752 806 in
775 758 899 805 nullo
921 765 1056 812 certa,
1080 764 1320 815 tenaxque,
1342 755 1471 802 loco.

383 827 476 875 Sed
496 823 632 873 modo
652 827 758 872 laeta
778 830 945 878 manet,
966 822 1119 869 vultus
1140 818 1277 868 modo
1298 821 1448 867 sumit
1465 819 1698 877 πει-δας

444 891 512 940 Et
532 888 708 939 tantum
731 896 945 936 constans
965 889 1012 933 in
1034 887 1217 934 levitate
1239 883 1322 932 sua
1340 892 1435 933 est.

378 956 484 1005 Nos
504 971 683 1017 quoque
705 953 955 1008 floruimus,
979 953 1058 999 sed
1079 951 1165 999 flos
1187 959 1284 998 erat
1303 951 1382 997 ille
1404 950 1652 1009 caducum

444 1020 740 1080 Flammaque
762 1020 818 1065 de
839 1017 1006 1081 stipula
1026 1024 1181 1064 nostra
1200 1016 1445 1078 brevisque
1465 1015 1576 1063 fint.
1671 1016 1729 1061 fl)

381 1085 517 1134 Neve
539 1094 692 1132 tamen
713 1082 811 1131 tota
832 1085 982 1147 capias
1002 1083 1099 1130 fera
1118 1081 1284 1145 gaudia
1304 1089 1499 1139 mente;

436 1149 559 1198 ‘Non
581 1156 651 1196 est
671 1150 876 1212 placandi
898 1164 1001 1211 spes
1022 1148 1133 1194 mihi
1155 1146 1280 1195 nulla
1299 1144 1412 1193 Dei.

380 1212 476 1264 Vel
496 1215 600 1278 quia
619 1215 805 1278 peccavi
827 1215 942 1261 citra
963 1213 1109 1260 scelus
1126 1229 1142 1269 ;
1174 1219 1312 1273 utque
1332 1211 1515 1273 pudore

448 1279 561 1328 Non
583 1288 718 1337 caret,
742 1277 911 1326 invidia
932 1280 997 1326 sic
1015 1292 1121 1325 mea
1142 1277 1273 1339 culpa
1292 1283 1450 1324 carete

382 1339 476 1395 Vel
497 1347 603 1409 quia
624 1346 689 1394 nil
708 1347 872 1408 ingens
895 1345 952 1392 ad
971 1342 1108 1390 finem
1133 1342 1254 1390 Solis
1273 1341 1330 1389 ab
1351 1347 1480 1398 ortu*

448 1410 553 1469 1110,
574 1413 648 1460 cui
667 1417 806 1474 paret,
831 1411 985 1456 mitius
1007 1408 1126 1455 orbis
1148 1407 1306 1455 habet.-

384 1477 568 1527 Scilicet
589 1485 641 1526 ut
661 1490 754 1526 non
775 1483 846 1525 est
864 1491 947 1538 per
967 1476 1068 1522 vim
1083 1473 1344 1536 superabilis
1364 1471 1464 1529 uni,

449 1544 599 1592 Molle
619 1559 698 1591 cor
716 1544 775 1590 ad
796 1541 978 1588 timidas
1000 1540 1064 1587 sic
1085 1541 1219 1587 habet
1238 1539 1314 1586 ille
1332 1551 1510 1601 preces.

383 1607 703 1672 Exemploque
724 1607 894 1662 Defim,
918 1607 1079 1668 quibus
1100 1619 1360 1653 accessurus
1382 1611 1431 1651 et
1451 1605 1552 1667 ipae
1572 1611 1656 1660 eat,

451 1673 597 1739 [Cum
618 1689 770 1737 poenae
790 1669 926 1720 venia
944 1672 1073 1734 plura
1093 1670 1296 1733 roganda
1312 1668 1506 1735 petam-J
1658 1669 1720 1715 80

387 1740 438 1787 Si
462 1755 675 1787 numeres
696 1754 815 1785 anno
840 1737 971 1784 Soles
994 1743 1043 1784 et
1063 1736 1214 1783 nubila
1232 1743 1345 1793 toto,
1795 1736 1796 1749 ¹

451 1802 667 1852 Invenies
688 1804 878 1851 nitidum
901 1802 1068 1865 saepius
1088 1802 1179 1849 isse
1198 1801 1332 1848 diem.

384 1867 616 1982 Ετέἰιὲεηε
637 1867 791 1917 nostra
811 1865 1001 1915 nimium
1022 1869 1177 1914 laetere
1197 1863 1339 1922 ruina,

553 1935 654 1982 titui
679 1934 903 1996 quondam
927 1949 1003 1981 me
1024 1948 1202 1996 quoque
1221 1946 1356 1995 posse
1375 1937 1501 1994 pun.

387 1999 533 2048 Posse
542 2007 664 2062 ,puta
682 2000 792 2054 fieri,
815 1999 957 2046 lenito
979 1997 1202 2060 Principe,
1224 1996 1378 2044 vultus

456 2064 526 2113 Ut
545 2065 699 2113 videas
720 2063 867 2110 media
888 2064 1029 2110 tristis
1051 2065 1099 2109 in
1123 2062 1251 2110 Urbe
1273 2076 1430 2126 meosy
1649 2108 1656 2115 ,

390 2129 549 2192 thue
568 2145 658 2191 ego
680 2136 727 2175 te
747 2129 924 2176 videam
946 2126 1106 2176 caussa
1126 2127 1335 2191 graviore
1353 2125 1576 2189 fugatm

455 2194 578 2242 Haec
600 2199 707 2240 sunt
727 2190 755 2239 a
774 2193 931 2255 primis
951 2195 1158 2256 proxima
1178 2199 1287 2240 vota
1305 2191 1431 2238 mihi.

870 2386 1138 2437 ELEGIA
1172 2385 1265 2434 IX.

389 2517 436 2565 O
458 2530 557 2564 ‘rua
581 2516 619 2563 si
642 2517 811 2563 sineres
831 2517 879 2563 in
902 2517 1071 2564 nostris
1095 2517 1278 2565 nomina
1296 2516 1407 2579 poni

461 2579 760 2636 Carminibus,
783 2582 958 2642 positus
979 2579 1114 2642 quam
1135 2582 1246 2629 mihi
1270 2595 1391 2643 soepe
1411 2578 1551 2627 fores!

394 2645 466 2694 Te
488 2646 632 2694 solum
656 2645 804 2692 meriti
826 2661 1034 2693 canerem
1055 2662 1261 2703 memor3
1295 2646 1433 2710 inque
1451 2642 1622 2692 libdsso-

461 2709 694 2762 crevisset
714 2710 813 2758 sine
834 2719 881 2759 te
901 2712 1069 2776 pagina
1090 2711 1214 2761 nulla
1234 2710 1363 2760 meis.
1617 2704 1622 2708 ⁴
