1842 2966
309 153 377 199 26
655 146 714 196 P.
746 143 983 197 OVIDII
1015 145 1321 196 NASONIS

303 279 439 328 ‘Ursa
457 294 539 342 per
560 279 758 326 incultos
779 280 957 329 errabat
978 279 1179 341 squalida
1197 282 1392 335 montes,

383 345 504 399 Quae
522 343 674 392 fuerat
692 358 873 394 summo
895 360 1040 407 nuper
1061 345 1252 392 amanda
1271 344 1397 394 Jovi.

311 410 346 460 J
347 425 420 457 am
444 410 530 457 tria
548 410 693 458 lustra
711 425 825 474 puer
843 410 968 459 furto
990 418 1237 473 conceptus
1258 412 1450 473 agebam

381 473 503 524 cnm
527 482 672 524 mater
694 483 803 524 nato
825 484 896 523 est
915 475 1054 523 obvia
1067 475 1187 522 facta
1208 491 1307 522 suo.

312 540 404 588 Illa
424 541 620 604 quidem,
641 549 875 603 tamquam
894 547 1204 603 cognosceret,
1227 541 1401 587 adstitit
1420 546 1596 600 amens,

382 605 451 655 Et
471 607 675 670 gemuit:
712 607 912 671 gemitus
931 607 1069 653 verba
1088 607 1287 667 parentis
1308 613 1451 654 erant.

316 671 459 721 Hanc
474 688 592 736 puer
611 675 800 736 ignarus
811 671 965 734 jaculo
987 669 1161 718 fixisset
1181 678 1315 723 acuto
1329 687 1348 729 ς

382 738 450 786 Ni
471 737 591 792 foret
610 738 658 787 in
680 752 866 800 superas
886 744 1041 798 raptus
1063 743 1252 802 uterque
1274 738 1449 784 domos.
1531 738 1668 800 [tout

319 804 465 868 Signa
475 805 726 867 propinqua
740 802 925 848 micant.
956 801 1091 849 Prior
1104 809 1187 858 est,
1202 802 1537 864 quamdicimus
1547 804 1672 851 Aro-

383 869 700 931 Arctophylax
716 866 912 914 formam
936 873 1067 929 terga
1086 868 1315 930 sequentis
1335 869 1486 917 lmet.
1579 874 1678 919 190

319 935 465 984 Saevit
486 935 644 987 adhuc,
667 947 917 995 canamque
939 934 1048 980 adiit
1071 933 1284 981 Saturnia
1302 932 1505 997 Tethyn,

382 998 649 1047 Maenaliam
673 998 806 1047 tactis
827 1013 887 1046 ne
906 999 1031 1045 lavet
1052 998 1227 1046 Arcton
1252 1000 1393 1061 aquis.

319 1063 486 1112 Imaus
509 1063 701 1125 agrestis
721 1063 901 1110 fumant
921 1063 1080 1111 altaria
1101 1063 1263 1120 Fauni,

388 1128 483 1175 Hic
506 1129 578 1175 ubi
600 1129 987 1176 discretas-insula
1007 1131 1176 1192 rumpit
1196 1145 1350 1192 aquas.

323 1193 447 1242 Haec
467 1192 556 1241 suit
574 1194 653 1242 illa
673 1195 782 1250 dies,
805 1196 853 1242 in
875 1194 965 1256 qua
986 1194 1258 1258 Vejentibus
1276 1196 1397 1243 arvis

382 1258 480 1306 Ter
502 1267 684 1306 centum
708 1260 851 1316 Fabii,
875 1268 948 1308 ter
968 1261 1170 1307 cecidere
1192 1261 1296 1308 duo.

323 1324 434 1374 Una
456 1325 617 1373 domus
637 1326 759 1373 vires
780 1333 829 1372 et
849 1342 966 1373 onus
988 1333 1246 1389 susceperat
1268 1326 1438 1373 Urbisz

389 1390 589 1438 Sumunt
606 1391 806 1454 gentiles
827 1407 955 1440 arma
972 1392 1177 1454 professa
1196 1407 1372 1451 manus.

323 1455 574 1520 Egreditur
595 1459 756 1505 castris
776 1458 907 1508 miles
929 1473 1181 1521 generosus
1203 1458 1259 1505 ab
1277 1457 1421 1506 isdem
1438 1473 1455 1516 ς
1669 1489 1682 1503 ι

388 1522 446 1571 Ε
469 1523 570 1586 quis
592 1524 687 1571 dux
705 1523 804 1571 fieri
825 1524 1014 1585 quilibet
1031 1532 1164 1586 aptus
1185 1531 1296 1571 erat.
1577 1528 1681 1573 200

325 1586 584 1638 Carmentis
604 1597 753 1651 portae
773 1590 935 1636 dextro
956 1591 1032 1635 via
1051 1589 1258 1650 proxima
1277 1586 1400 1636 Jano
1422 1595 1507 1636 est.
1665 1611 1672 1618 ·

390 1652 468 1701 Ire
488 1670 568 1716 per
588 1656 704 1701 hanc
726 1654 833 1708 noli,
857 1654 1059 1714 quisquis
1079 1669 1161 1710 es;
1196 1667 1331 1700 omen
1352 1655 1502 1704 habet.

324 1716 442 1784 [Illa
460 1718 741 1766 famarefert
763 1718 928 1765 Fabios
951 1717 1099 1764 exisse
1121 1724 1363 1765 trecentos.

393 1783 536 1830 Porta
555 1790 690 1830 vacat
710 1781 872 1845 culpa‘i3
907 1784 989 1829 sed
1008 1790 1162 1829 tamen
1184 1798 1320 1830 omen
1340 1783 1514 1850 habet]

328 1846 400 1896 Ut
423 1849 557 1895 celeri
579 1863 715 1910 passu
738 1846 1003 1896 Cremeram
1026 1848 1219 1911 tetigere
1241 1864 1480 1911 rapacem3

396 1913 647 1978 (Turbidus
667 1914 864 1960 hibernis
882 1914 961 1960 ille
981 1913 1151 1962 fluebat
1169 1912 1319 1975 aquis)

329 1976 494 2029 Castra
513 1980 616 2026 loco
636 1987 838 2041 ponunt:
880 1979 1106 2027 destrictis
1128 1980 1310 2027 ensibus
1330 1980 1416 2042 ipsi

336 2071 341 2078 ·
391 2044 684 2106 Tyrrhenum
704 2044 854 2091 valido
878 2044 1036 2091 Marte
1054 2060 1136 2107 per
1158 2060 1324 2108 agmen
1343 2051 1471 2094 eunt.

328 2107 443 2158 Non
465 2110 606 2164 aliter,
629 2106 765 2171 quam
788 2108 893 2156 cum
917 2108 1093 2172 Libyca
1107 2111 1163 2157 de
1185 2126 1297 2173 rupe
1315 2111 1475 2157 leones
1513 2131 1518 2134 ·

397 2172 629 2222 Invadunt
650 2190 828 2238 sparsos
847 2176 940 2222 lata
958 2191 1041 2238 per
1061 2190 1172 2223 arva
1189 2191 1373 2238 greges.
1587 2182 1691 2226 210

331 2238 600 2303 Diffugiunt
620 2241 788 2296 hostes,
810 2241 1140 2301 inhonestaque
1159 2241 1349 2289 vulnera
1367 2248 1503 2303 tergo
1591 2239 1596 2248 ’

398 2305 672 2369 Accipiunt:
711 2305 898 2354 Thusco
920 2308 1143 2369 sanguine
1161 2313 1283 2353 terra
1304 2308 1449 2353 rubet.

332 2370 412 2418 Sic
431 2371 610 2428 iterum,
633 2372 701 2418 sic
721 2387 842 2435 saepe
863 2372 1044 2420 cadunt.
1091 2371 1184 2419 Ubi
1205 2372 1389 2418 vincere
1409 2368 1570 2435 aperte

396 2434 512 2483 Non
533 2436 677 2493 datur,
697 2438 884 2486 insidias
903 2452 1115 2499 armaque
1137 2451 1259 2484 caeca
1278 2445 1452 2499 parant.

336 2498 538 2563 Campus
559 2509 677 2550 erat:
692 2510 699 2518 ‘
717 2504 864 2566 campi
885 2503 1152 2552 claudebant
1171 2502 1331 2549 ultima
1352 2501 1507 2558 colles,

402 2566 621 2629 Silvaque
633 2576 872 2616 montanas
890 2569 1104 2615 occulere
1115 2574 1228 2630 ‘apta
1244 2566 1378 2613 feras.

334 2628 394 2678 In
415 2632 564 2679 medio
585 2648 767 2696 paucos,
788 2642 1082 2695 armentaque
1101 2647 1203 2680 rara
1222 2631 1511 2695 relinquunt:

395 2694 567 2747 Cetera
581 2699 796 2763 virgultis
817 2698 969 2750 abdita
988 2699 1121 2747 turba
1140 2696 1265 2760 latet.
