1842 2966
307 104 617 158 EPISTOL.
637 105 738 155 EX
762 105 997 166 PONTQ
1019 106 1126 157 Lm.
1150 107 1242 157 1v.
1276 116 1321 161 9.
1391 113 1494 162 325

137 238 213 288 At
234 235 585 302 cum'Tarpejas
608 253 732 287 esses
752 238 973 287 deductus
993 240 1042 287 in
1063 255 1204 297 arces,

213 304 349 352 Dum
372 306 553 353 caderet
564 306 699 367 Jussu
719 305 906 353 victima
927 320 1054 353 sacra
1074 312 1179 364 tuo3
1429 312 1499 357 30

138 370 235 420 Me
258 385 441 431 quoque
453 367 637 417 'secretd
657 377 811 432 grates
832 371 915 417 sibi
932 386 1129 433 magnus
1150 379 1364 434 agentem

211 435 450 493 Audisset,
473 433 621 483 media
642 438 719 497 qui
744 436 873 482 sedet
894 437 1006 491 aede,
1031 435 1180 485 Deus.

139 500 369 562 Turaque
385 508 543 566 mente
561 502 711 563 magis
732 499 879 563 plena,
902 499 1038 563 quam
1053 502 1198 574 lance,
1221 503 1443 552 dedissem

213 565 315 613 Ter
335 574 509 628 quater,
531 567 706 629 imperii
727 567 860 613 laetus
881 568 1056 614 honore
1077 569 1159 615 tui.

144 631 252 681 Hic
275 647 367 694 ego
386 639 638 694 praesentes
657 633 779 678 inter
799 647 1062 680 numerarer
1081 634 1283 692 amicos;

151 703 158 710 '
218 697 361 744 Mitis
367 699 445 760 jus
470 698 609 745 Urbis
631 696 668 744 si
685 695 823 744 modd
840 696 938 745 fata
958 699 1131 746 darent.

144 764 369 824 Quaeque
388 764 499 810 mihi
522 761 621 810 sola
635 763 808 825 capitur
829 778 953 810 nunc
973 771 1129 811 mente
1149 765 1374 829 voluptas,

217 827 358 875 Tunc
378 828 522 876 oculis
537 829 675 876 etiam
694 828 982 891 percipienda
999 829 1133 877 foret.

151 894 274 943 Non
295 894 361 940 ita
384 892 626 943 Coelitibus
645 894 795 941 visum
811 902 895 948 est,
919 902 970 942 et
988 894 1178 943 forsitan
1200 897 1369 959 aequis:

221 958 351 1006 Nam
373 959 480 1020 quid
495 974 571 1005 me
586 973 737 1021 poenae
758 975 916 1007 caussa
938 967 1108 1023 negata
1111 962 1283 1025 juvet?
1437 967 1506 1011 40

154 1025 329 1074 Mente
351 1032 517 1080 tamen,
541 1040 644 1085 quae
659 1025 759 1072 sola
777 1025 881 1071 loco
902 1041 997 1072 non
1020 1028 1210 1084 exsulat,
1233 1035 1361 1078 utarz

224 1091 521 1144 Praetextam,
542 1090 689 1137 fasces
709 1090 1043 1151 adspiciamque
1063 1099 1183 1139 tuos.

155 1156 286 1206 Haec
306 1153 444 1204 modo
463 1162 512 1201 te
531 1156 701 1218 populo
723 1156 984 1202 reddentem
997 1156 1106 1217 jura
1124 1158 1322 1217 videbit3

229 1220 298 1271 Et
319 1238 370 1270 se
392 1221 577 1268 secretis
598 1220 744 1281 finget
764 1220 924 1266 adesse
943 1220 1074 1267 locis.

157 1287 308 1338 Nunc
329 1287 458 1350 longi
481 1287 651 1334 reditus
672 1287 816 1332 hastae
837 1299 1093 1347 supponere
1111 1284 1244 1333 lustri

231 1352 419 1408 cernet,
435 1360 483 1399 et
497 1349 658 1399 exacta
678 1356 843 1397 cuncta
861 1349 1014 1397 locare
1032 1348 1137 1398 fide.

158 1419 307 1470 Nunc
327 1417 477 1470 facere
489 1418 538 1464 in
560 1416 710 1464 medio
729 1414 974 1462 facundum
996 1418 1136 1464 verba
1153 1415 1341 1474 Senatu,

234 1485 423 1533 Publica
444 1489 721 1546 quaerentem
743 1481 851 1542 quid
871 1488 997 1544 petat
1013 1482 1197 1531 utilitas.

164 1551 327 1607 Nunc,
348 1565 432 1613 pro
456 1547 727 1603 Caesaribus,
752 1547 938 1610 Superis
953 1548 1198 1596 decernere
1215 1557 1404 1613 grates3

235 1616 412 1665 Albave
434 1615 686 1678 opimorum
709 1613 826 1661 colla
844 1612 981 1660 ferire
994 1614 1146 1661 boum.
1456 1620 1523 1664 50

169 1684 331 1744 Atque
350 1682 539 1737 utinam,
562 1676 665 1727 edm
677 1679 777 1741 jam
787 1677 930 1726 fueris
949 1680 1127 1741 potiora
1145 1688 1370 1743 precatus,

243 1746 314 1796 Ut
329 1747 441 1794 mihi
453 1746 655 1808 placetur
677 1744 875 1792 numinis
890 1745 971 1800 ira,
995 1747 1158 1808 roges!

170 1815 348 1875 Surgat
361 1812 421 1859 ad
433 1812 551 1859 hanc
570 1825 733 1857 vocem
755 1807 890 1872 plena
908 1811 1012 1871 pius
1032 1812 1155 1874 ignis
1175 1812 1233 1859 ab
1250 1810 1362 1873 ⁸133

244 1877 433 1940 Detque
451 1877 622 1923 bonum
644 1882 755 1922 voto
776 1875 956 1922 lucidus
978 1891 1112 1922 omen
1128 1891 1261 1938 apex.

173 1943 375 1999 Interea,
392 1940 482 2005 qud
496 1951 622 2005 parte
641 1939 762 1996 licet,
786 1956 847 1988 ne
866 1946 1033 1988 cuncta
1053 1956 1308 2002 queramur,

250 2007 348 2057 Hic
368 2022 546 2071 quoque
567 2014 616 2054 te
635 2005 803 2054 festum
827 2003 1032 2054 Consule
1052 2013 1232 2069 tempus
1248 2022 1399 2071 agam.

179 2076 345 2126 Alte'ra
363 2074 549 2128 laetitiae,
576 2087 663 2120 nec
684 2072 853 2119 cedens
872 2086 1034 2119 caussa
1051 2072 1204 2135 priori,

253 2140 498 2188 Successor
515 2137 630 2186 tanti
650 2136 791 2184 frater
811 2138 1012 2192 honoris,
1034 2138 1133 2185 erit.

183 2199 312 2256 Nam
335 2205 415 2252 tibi
436 2203 615 2250 finitum
637 2217 829 2258 summo,
849 2202 1080 2260 Graecine,
1099 2201 1348 2254 Decembri

253 2270 517 2333 Imperium,
539 2267 649 2318 Jani
672 2268 860 2330 suscipit
881 2268 959 2314 ille
980 2269 1068 2315 die.
1470 2277 1538 2321 60

191 2336 404 2398 Quaeque
426 2335 560 2383 estin
581 2334 711 2381 vobis
730 2334 887 2396 pietas,
912 2334 1085 2381 alterna
1104 2332 1265 2384 feretis

259 2401 452 2456 Gaudia,
476 2408 528 2448 tu
550 2398 702 2446 fratris
721 2397 931 2453 fascibus,
951 2399 1030 2446 ille
1051 2400 1156 2448 tuis.

193 2468 271 2517 Sic
293 2475 344 2515 tu
364 2466 436 2514 bis
450 2464 591 2512 fueris
616 2462 807 2518 Consul,
828 2464 897 2510 bis
923 2461 1101 2512 Consul
1116 2472 1166 2513 et
1186 2466 1289 2526 ille3

260 2531 409 2593 Inque
433 2530 570 2579 domo
590 2530 741 2577 bimus
762 2529 1066 2591 conspicietur
1088 2531 1250 2580 honor.

194 2598 298 2655 Qui.
314 2610 587 2659 quamquam
610 2601 682 2642 est
702 2594 881 2657 ingens,
906 2602 955 2642 et
974 2595 1160 2644 nullum·
1173 2596 1347 2646 Martia
1366 2612 1545 2646 summo

262 2663 419 2711 Altius
442 2661 683 2728 imperium
708 2658 913 2711 consule
935 2659 1091 2713 Romtt
1111 2662 1266 2722 videt3

193 2743 299 2780 vot·-
321 2742 396 2778 111.
1076 2730 1107 2773 2
1131 2741 1160 2774 r
