1842 2966
312 164 415 218 126'
649 161 707 210 P.
736 158 978 210 OVIDII·
1005 155 1317 212 NASONIS?

314 299 518 362 Pignora
536 295 754 357 virgineis
771 287 926 341 fatalia
945 293 1090 341 tollite
1108 295 1301 356 palmis:
1345 280 1364 309 '—
1439 306 1446 312 ·
1665 308 1680 335 t

393 361 443 409 N
445 378 506 409 on
528 376 583 408 ea
603 367 712 407 sunt
725 367 850 415 voto,
873 358 956 406 sed
976 359 1187 420 rapienda
1206 374 1362 406 manu.

301 429 405 478 ‘Me
425 425 665 474 miserum!
700 425 911 471 dubitatis
926 424 950 469 ἲ
972 424 1050 470 ait.
1093 422 1322 472 Dubitare
1337 424 1550 482 videbat,

381 492 449 542 Et
469 492 655 555 pavidas
673 491 823 553 posito
844 488 1133 551 procubuisse
1246 504 1300 536 uf
1468 546 1471 550 Δ

321 558 493 607 Haurit
513 572 676 619 aquasz
704 555 956 614 tollensque
969 568 1142 609 manus,
1152 504 1587 615 {noscitqflixig
1669 570 1676 577 ·

1783 440 1786 507 l

1787 532 1788 595 l

386 624 549 671 Sacra:
579 623 647 669 vir
668 621 842 668 intrabo
863 633 958 665 non
978 618 1183 666 adeunda
1201 620 1314 667 viro.
1578 624 1686 670 450
1789 624 1790 653 l

322 689 373 737 si
396 689 549 737 scelus
563 695 662 745 est3
685 687 732 732 in
749 701 824 733 me
836 683 1065 732 commissi
1085 698 1223 745 poena
1243 684 1461 733 redundet
1483 704 1500 733 ι

390 754 459 802 Sit
474 754 632 816 capitis
653 752 818 797 damno
831 748 987 796 Roma
1006 748 1154 796 soluta
1173 750 1279 796 mei.

323 819 476 874 Dixit,
498 827 546 866 et
566 816 749 877 irrupit:
775 813 948 861 factum
970 813 1078 861 Dea
1098 820 1224 876 rapta
1241 815 1473 877 probavit3

388 880 711 942 Pontificisque
732 880 801 926 sui
817 894 1004 926 munere
1025 886 1123 926 tuta
1139 877 1241 926 fuit.

323 950 465 998 Nunc
485 950 601 994 bene
621 945 781 992 lucetis
802 959 944 991 sacrae
966 945 1048 990 sub
1072 941 1259 993 Caesare
1277 942 1476 993 flammae
1492 962 1522 993 :-

392 1012 524 1075 Ignis
544 1013 593 1056 in
610 1008 762 1057 Iliacis
785 1024 907 1055 nunc
921 1010 1020 1062 erit,
1044 1017 1213 1071 estque,
1234 1009 1364 1057 focis.

325 1078 557 1137 Nullaque
578 1076 751 1121 dicetur
770 1074 906 1121 vittas
926 1073 1171 1122 temerasse
1185 1075 1395 1123 sacerdos

393 1141 503 1189 Hoc
526 1139 693 1188 Duce:
720 1155 804 1186 nec
825 1136 933 1186 viva
951 1139 1201 1188 defodietur
1218 1141 1374 1188 humo.
1456 1195 1459 1198 ⁴

328 1200 405 1257 Sic
427 1207 599 1254 incesta
617 1206 763 1268 perit:
791 1205 897 1266 quia
915 1219 1053 1265 quam
1072 1205 1275 1261 violavit,
1295 1206 1343 1252 in
1362 1205 1486 1253 illam

394 1270 641 1320 conditur:
664 1277 711 1317 et
718 1269 879 1317 Tellus
893 1269 1128 1331 Vestaque
1138 1285 1308 1318 numen
1322 1271 1440 1318 idem
1457 1278 1552 1321 est.
1578 1277 1692 1322 460

325 1337 451 1388 Tum
474 1334 781 1385 sibi-Callaico
804 1335 979 1382 Brutus
1000 1351 1255 1398 cognomen
1277 1337 1325 1382 in
1345 1337 1478 1383 hoste

392 1402 537 1457 Fecit,
560 1400 884 1464 etHispanam
907 1402 1128 1463 sanguine
1147 1402 1286 1448 tinxit
1299 1402 1501 1448 humum.

329 1469 514 1518 Scilicet
533 1466 757 1515 interdum
779 1467 1028 1514 miscentur
1045 1466 1192 1514 tristia
1211 1467 1350 1523 laetis,-

393 1530 473 1582 Ne
493 1534 708 1597 populum
731 1539 829 1580 toto
851 1539 1032 1594 pectore
1051 1531 1167 1579 festa
1177 1534 1360 1595 juvent.

268 1611 271 1616 ’
332 1598 529 1650 Crassus
549 1599 607 1647 ad
627 1598 893 1660 Euphraten
914 1597 1116 1658 Aquilae,
1140 1605 1399 1659 natumque,
1424 1611 1633 1661 suosque

398 1664 629 1711 Perdidit:
659 1671 705 1709 et
726 1663 819 1709 leto
840 1668 911 1709 est
925 1662 1112 1709 ultimus
1131 1663 1228 1726 ipse
1248 1663 1394 1711 datus.

337 1728 519 1782 Par-the,
542 1727 650 1788 quid
663 1726 892 1773 exsultas?
915 1727 1030 1774 dixit
1051 1727 1182 1775 Dea:
1211 1728 1343 1790 signa
1363 1729 1600 1778 remittes:
1661 1749 1674 1761 ¹

401 1793 585 1853 Quique
606 1805 764 1839 necem
787 1788 944 1840 Crassi
964 1792 1174 1850 vindicet,
1198 1793 1319 1840 ultor
1338 1794 1452 1842 erit.-

336 1857 412 1906 Ar
435 1858 570 1904 simul
589 1857 746 1904 auritis
758 1855 895 1904 violae
915 1857 1158 1904 demuntur
1177 1859 1338 1916 asellis,

401 1922 470 1972 Et
484 1920 665 1972 cereris
683 1921 843 1985 fruges
860 1937 1019 1984 aspera
1037 1937 1147 1970 saxa
1164 1929 1319 1971 terunt
1328 1941 1346 1983 ς
1582 1929 1690 1974 470

333 1988 510 2038 Navita
528 2003 677 2051 puppe
698 1987 871 2041 sedens,
895 1987 1127 2051 Delphina
1147 1989 1412 2046 videbimus,
1432 1988 1614 2052 inquit3
1657 2015 1666 2024 ·

402 2053 608 2101 Humida
628 2050 731 2099 culm
752 2052 883 2114 pulso
904 2067 999 2100 nox
1018 2054 1104 2100 erit
1124 2060 1224 2100 orta
1244 2054 1330 2102 die.

342 2117 467 2174 ΞΛΜ,
491 2117 665 2178 Phryx,
688 2114 716 2163 a
736 2115 877 2179 nupta
896 2119 1107 2179 quereris,
1136 2116 1348 2177 Tithone,
1370 2119 1595 2182 relinqui;
1645 2141 1652 2148 ·

400 2182 467 2230 Et
486 2182 601 2244 vigil
621 2181 738 2228 Eois
760 2180 947 2240 Luqifer
968 2184 1062 2230 exit
1084 2185 1225 2244 aquis.

339 2246 427 2302 Ite,
448 2248 582 2294 bonae
604 2254 783 2301 matres,
809 2246 1029 2309 (vestrum
1053 2247 1270 2297 Matralia
1286 2248 1478 2311 festum)

410 2311 643 2371 Flavaque
664 2308 895 2357 Thebanae
916 2313 1087 2359 reddite
1105 2313 1196 2360 liba
1216 2313 1351 2362 Deae.

344 2375 566 2422 Pontibus
588 2382 634 2420 et
648 2390 815 2436 magno
827 2377 992 2437 juncta
1010 2384 1080 2424 est
1102 2378 1389 2440 celeberrima
1403 2377 1542 2429 Circo

408 2440 546 2492 Area,
568 2453 671 2498 quae
691 2440 839 2500 posito
861 2441 916 2487 de
936 2442 1054 2487 bove
1073 2457 1238 2489 nomen
1260 2444 1416 2491 habet:

348 2501 455 2551 Hae
477 2503 537 2550 ibi
557 2503 659 2548 luce
673 2502 824 2549 ferunt
845 2503 1043 2552 Matutae
1065 2521 1192 2553 sacra
1210 2508 1381 2569 parenti

406 2565 700 2628 sceptriferas
718 2567 849 2614 Servi
868 2569 1036 2630 templa
1054 2571 1229 2617 dedisse
1250 2587 1425 2619 manus.
1577 2578 1677 2623 480

345 2633 468 2687 Quae
490 2630 596 2681 Dea
617 2631 704 2677 sit:
733 2647 871 2692 quare
889 2631 1081 2681 famulas
1101 2632 1130 2680 a
1150 2635 1304 2682 limine
1325 2637 1479 2698 templi
1653 2658 1659 2662 ·

408 2697 591 2751 Arceat,
614 2696 761 2759 (arcet
780 2694 925 2758 enim)
949 2697 1124 2760 libaque
1144 2705 1265 2748 tosta
1283 2706 1432 2763 petat5
