1842 2966
339 171 405 218 88
659 165 716 215 Ρ.
750 163 987 215 ov1D11
1017 163 1321 216 NASONIS

342 298 453 348 Sive
474 312 604 345 sacro
622 298 742 361 pavi,
766 298 921 347 sedive
943 299 1027 346 sub
1046 299 1204 346 arbore
1225 294 1383 355 sacr33

406 362 668 425 Pabulaque
688 365 736 411 in
755 364 900 412 bustis
919 365 1063 412 inscia
1082 364 1248 426 earpsit
1268 363 1369 410 ovis
1384 379 1398 408 ε
1606 358 1714 409 ¹7⁵0

342 427 436 477 Seu
457 444 618 477 nemus
638 430 807 478 intravi
823 431 1030 486 vetitum,
1054 430 1279 476 nostrisve
1296 427 1477 492 fugatae

407 493 527 542 Sunt
546 495 691 543 oculis
713 495 961 558 Nymphae,
984 496 1287 556 semicaperve
1307 491 1477 540 Deus:

342 558 438 608 Seu
460 575 563 610 mea
580 559 677 608 falx
697 574 826 608 ramo
845 561 1000 607 lucum
1021 560 1231 623 spoliavit
1249 573 1406 621 opaco,
1517 558 1522 563 ’

411 624 551 674 Unde
572 626 677 674 data
696 632 767 674 est
788 641 931 688 aegrae
949 625 1109 672 fiscina
1124 623 1300 671 frondis
1320 624 1422 670 ovi:

340 687 425 740 Da
444 692 624 740 veniam
647 691 818 754 culpaez
858 706 957 745 nec,
980 691 1088 738 dum
1110 689 1419 752 degrandinat,
1433 686 1573 735 ‘obsit

409 756 601 819 Agresti
619 756 727 803 fano
749 756 1038 818 supposuisse
1057 771 1211 818 pecus.

342 820 449 871 Nec
468 829 633 869 noceat
653 818 856 868 turbasse
875 820 1015 867 lacus.
1051 819 1286 883 Ignoscite
1306 818 1565 881 Nymphae,

416 887 554 934 Mota
575 883 694 947 quod
717 887 931 932 obscuras
953 887 1128 949 ungula
1146 885 1256 932 fecit
1277 900 1429 946 aquas.

346 951 437 1007 Tu,
456 951 576 1006 Dea,
599 967 681 1013 pro
703 950 833 998 nobis
856 949 1031 997 Fontes
1047 950 1320 1012 fontanaque
1339 951 1474 1012 placa

409 1015 646 1074 Numina3
680 1024 733 1063 tu
753 1032 933 1078 sparsos
951 1032 1033 1079 per
1055 1032 1217 1063 nemus
1238 1030 1374 1064 omne
1391 1013 1545 1061 Deos.
1602 1015 1698 1060 760

348 1079 454 1129 Nee
477 1079 706 1142 Dryadas,
730 1097 815 1129 nec
839 1097 925 1129 nos
945 1083 1180 1129 videamus
1201 1082 1326 1128 labra
1346 1079 1555 1137 Dianae3

412 1145 517 1193 Nec
541 1144 762 1203 Faunum,
786 1147 937 1195 medio
959 1144 1064 1195 cum
1085 1148 1251 1211 premit
1271 1160 1380 1193 arva
1400 1146 1489 1194 die.

346 1209 476 1260 Pelle
495 1213 656 1276 procul
669 1214 866 1261 morbos.
879 1212 1073 1261 Valeant
1092 1214 1390 1273 hominesque
1409 1223 1691 1274 gregesque3

413 1276 482 1324 Et
501 1278 684 1326 valeant
702 1280 880 1342 vigiles,
901 1280 1090 1342 provida
1110 1279 1254 1335 turba,
1277 1292 1429 1325 canes.

345 1336 484 1393 Neve
503 1344 654 1391 minus
675 1345 820 1393 multo
842 1346 1057 1408 redigam,
1080 1342 1216 1405 quam
1237 1341 1375 1390 mane
1393 1341 1617 1400 fuerunt;

412 1408 547 1456 Neve
568 1425 750 1472 gemam
773 1409 973 1459 referens
994 1410 1163 1457 vellera
1183 1415 1312 1472 rapta
1329 1408 1454 1470 lupo.

346 1473 484 1524 Absit
504 1475 658 1538 iniqua
676 1476 836 1526 fames.
870 1475 1060 1533 Herbae,
1080 1474 1353 1536 frondesque
1376 1472 1630 1537 supersint:

414 1540 625 1604 Quaeque
644 1543 801 1590 lavent
821 1551 960 1598 artus,
983 1557 1176 1604 quaeque
1195 1542 1416 1596 bibantur,
1437 1553 1587 1601 aquae.

350 1605 508 1665 Ubera
528 1608 663 1671 plena
681 1623 882 1672 premam
901 1626 913 1655 ε
954 1607 1120 1654 referat
1138 1607 1249 1653 mihi
1270 1620 1429 1653 caseus
1450 1619 1564 1653 aera:

414 1670 636 1734 Dentque
650 1674 777 1719 ‘viam
798 1672 968 1734 liquido
989 1672 1160 1718 vimina
1180 1686 1281 1719 rara
1303 1686 1420 1718 sero.
1590 1668 1680 1718 ’170

346 1736 508 1798 Sitque
529 1737 655 1784 salax
676 1738 821 1795 aries;
855 1744 1164 1799 conceptaque
1184 1736 1359 1784 semina
1379 1736 1545 1798 conjux

413 1801 621 1860 Reddat3
645 1803 761 1849 etin
783 1803 959 1850 stabulo
979 1802 1125 1849 multa
1144 1804 1204 1851 sit
1225 1816 1345 1864 agna
1364 1816 1485 1849 meo.

347 1864 568 1929 Lanaque
587 1868 836 1931 proveniat,
860 1868 1007 1915 nullas
1027 1868 1192 1916 laesura
1210 1867 1397 1931 puellas,

414 1932 589 1989 Mollis,
613 1941 662 1980 et
681 1933 738 1981 ad
759 1940 937 1981 teneras
958 1935 1202 1996 quamlibet
1222 1939 1328 1995 apta
1346 1948 1521 1979 manus.
1533 1943 1543 1956 ⁶

350 1997 473 2054 Qnae
491 2014 665 2061 precor,
688 2000 926 2047 eveniant:
966 2006 1013 2046 et
1033 2014 1118 2046 nos
1137 1999 1356 2046 faciamus
1376 1999 1434 2046 ad
1454 2012 1613 2046 annun
1669 2033 1676 2040 .

415 2062 658 2111 Pastorum
681 2064 878 2111 dominae
899 2065 1089 2127 grandia
1107 2065 1198 2112 liba
1219 2063 1334 2111 Pali.

348 2127 444 2176 His
466 2128 574 2176 Dea
592 2129 811 2192 placanda
831 2136 932 2177 est:
971 2129 1071 2178 haee
1093 2137 1144 2177 tu
1167 2144 1413 2177 conversus
1435 2129 1491 2176 ad
1509 2134 1624 2177 orma

413 2193 510 2241 Dic
531 2201 612 2249 ter,
636 2201 683 2240 et
702 2195 749 2241 in
771 2194 880 2242 vivo
901 2195 1060 2258 prolue
1081 2211 1184 2243 rore
1204 2209 1380 2242 manus.

346 2257 472 2307 Tum
491 2259 615 2315 licet,
638 2258 851 2322 adposita,
873 2261 1016 2308 veluti
1038 2267 1225 2316 cratere,
1248 2258 1447 2316 camella,

416 2322 514 2370 Lac
537 2325 719 2372 niveum
742 2332 885 2388 potes,
905 2340 1267 2388 purpureamque
1287 2340 1456 2387 sapam.
1579 2326 1664 2373 780

350 2389 562 2449 Moxque
581 2405 662 2452 per
683 2391 892 2437 ardentes
913 2392 1096 2455 stipulae
1114 2391 1374 2453 crepitantis
1394 2404 1567 2438 acervos

416 2453 636 2516 Trajicias
658 2457 793 2504 celeri
816 2452 1008 2503 strenua
1020 2458 1221 2502 membra
1240 2456 1368 2518 pede.
1449 2499 1454 2504 .

350 2516 602 2629 Essositus
622 2537 723 2568 mos
745 2529 829 2569 est.
864 2521 1016 2569 Moris
1037 2521 1146 2567 mihi
1169 2527 1309 2568 restat
1330 2521 1472 2581 origo.

463 2584 572 2632 urba
590 2585 699 2633 facit
720 2587 934 2644 dubium;
968 2593 1206 2648 coeptaque
1228 2592 1384 2632 nostra
1404 2592 1534 2633 tenet.

351 2646 522 2698 Omnia
542 2659 708 2714 purgat
729 2652 846 2700 edax
866 2651 1002 2714 ignis,
1025 2651 1275 2711 vitiumque
1296 2648 1485 2696 metallis

415 2712 675 2779 Excoquitz
712 2716 881 2765 idcireo
903 2732 1009 2765 curn
1030 2716 1146 2764 duce
1166 2721 1333 2780 purgat
1352 2728 1474 2767 oves·
