1842 2966
344 121 443 164 220
683 115 740 164 P.
774 114 1008 206 OVIDIJ
1041 115 1345 167 NASONIS
1409 123 1416 130 '

416 311 554 359 Unde
576 312 766 360 dolenda
787 329 975 361 canam:
1004 315 1148 361 multa
1167 315 1362 361 dolenda
1384 315 1497 364 tuli.

346 376 460 425 Non
481 379 581 424 haec
603 379 800 441 ingenio,
823 394 917 425 non
939 380 1038 425 haec
1061 381 1375 441 componimus
1395 387 1527 427 arte.

414 442 613 490 Materia
634 452 703 491 est
723 446 912 507 propriis
934 446 1171 506 ingeniosa
1190 445 1337 491 malis.

351 506 420 556 Et
441 515 577 569 quota
600 508 820 556 Fortunae
841 524 945 571 pars
968 516 1037 556 est
1056 510 1103 555 in
1127 510 1329 556 carmine
1350 508 1580 556 nostrae?
1781 541 1782 574 ἰ

417 572 562 629 Felix,
585 576 661 635 qui
683 576 862 637 patitur,
887 590 992 634 quae
1015 589 1254 621 numerare
1274 574 1430 622 valet!
1647 576 1708 620 30
1781 581 1782 610 ἒ

353 637 483 694 Quot
503 639 686 700 frutices
709 640 850 695 silvae‚
872 648 983 700 quot
1004 638 1146 686 flavas
1166 638 1370 701 Thybris
1391 655 1582 706 arenas,
1781 637 1782 684 ἶ

417 703 583 752 Mollia
603 714 711 766 quot
734 705 903 751 Martis
925 705 1133 766 gramina
1154 720 1340 767 campus
1364 706 1538 752 habet:
1781 705 1782 714 ¹

351 767 447 817 Tot
469 770 585 818 mala
605 771 897 832 pertulimus:
936 785 1126 830 quorum
1150 770 1375 816 medicina
1395 772 1632 832 quiesque

419 833 684 889 Nullffiinisi
706 835 753 880 in
778 834 939 888 studio,
965 834 1286 895 Pieridumque
1307 834 1443 881 mora
1467 845 1558 883 est.

353 899 475 958 Quis
495 900 586 954 tibi,
613 898 754 954 Naso,
778 899 940 945 modus
961 898 1184 945 lacrimosi
1207 900 1421 947 carminis
1435 899 1465 945 ’ἓ
1488 900 1658 961 inquis.

419 963 563 1019 Idem,
587 962 806 1011 Fortunae
828 966 905 1024 qui
927 964 1088 1010 modus
1111 965 1242 1026 hujus
1264 966 1366 1010 erit.

352 1029 503 1086 Quod„
515 1044 689 1090 querar,
711 1028 789 1075 illa
809 1028 919 1075 mihi
940 1028 1076 1090 pleno
1099 1030 1155 1076 de
1174 1028 1302 1076 fonte
1322 1030 1590 1078 ministrat:

419 1092 523 1140 Nec
545 1109 646 1139 mea
667 1100 785 1150 sunt,
807 1093 889 1140 fati
909 1095 1050 1140 verba
1070 1095 1149 1141 sed
1170 1095 1258 1141 ista
1279 1096 1385 1141 mei.

354 1162 425 1205 At
441 1159 554 1205 mihi
576 1159 614 1205 si
632 1157 737 1205 cara
756 1160 946 1222 patriam
968 1174 1071 1205 cum
1095 1160 1290 1222 conjuge
1311 1160 1508 1218 reddaa3

422 1223 525 1271 Sint
546 1225 698 1271 vultus
719 1226 894 1280 hilares,
918 1226 1093 1286 simque
1113 1225 1235 1285 quod
1254 1222 1362 1272 ante
1382 1225 1465 1281 fui,
1638 1228 1698 1271 40

355 1287 529 1336 Lenior
548 1291 767 1349 invictisi
785 1292 842 1338 sit
861 1290 973 1335 mihi
998 1288 1195 1338 Caesaris
1215 1290 1284 1336 ira
1295 1307 1312 1347 3
1781 1287 1782 1312 ³

425 1352 641 1403 Carmina
659 1355 831 1402 laetitiae
843 1357 942 1418 jam
964 1356 1042 1401 tibi
1064 1355 1199 1417 plena
1218 1356 1347 1401 dabo.

355 1418 461 1467 Nee
484 1426 635 1470 tamen
658 1428 709 1467 ut
729 1421 850 1475 lusit,
874 1425 1028 1467 rursus
1050 1434 1152 1466 mea
1171 1420 1303 1466 litera
1322 1419 1451 1468 ludet
1468 1436 1485 1466 t

424 1487 495 1533 Sit
517 1487 657 1533 semel
671 1488 748 1533 illa
768 1502 871 1534 meo
891 1485 1120 1533 luxuriata
1138 1487 1288 1537 malo..

321 1611 329 1615 μ
361 1550 501 1607 Quod
522 1553 681 1615 probet
702 1553 810 1614 ipse,
834 1566 992 1598 canam
1008 1569 1020 1597 z
1035 1564 1199 1613 ‘poenae
1220 1547 1357 1598 modo
1377 1556 1510 1613 parte
1529 1546 1672 1599 levati
1733 1559 1738 1563 ’
1781 1564 1782 1573 ’

426 1616 699 1672 Barbariem,
724 1617 893 1679 rigidos
916 1616 1220 1679 effingiamque
1245 1617 1406 1664 Getas.

358 1678 543 1730 Interea
563 1684 705 1729 nostri
727 1682 834 1743 quid
857 1689 1012 1744 agant,
1034 1682 1120 1729 nisi
1142 1683 1284 1738 triste,
1304 1681 1443 1728 libelli
1458 1680 1502 1726 ’ἔ

386 1774 394 1791 ι
421 1745 556 1794 Tibia
573 1748 804 1794 funeribus
824 1749 1037 1794 convenit
1056 1749 1144 1794 ista
1164 1747 1291 1794 meis.

358 1810 429 1859 At
441 1821 634 1873 poteras,
656 1814 816 1875 inquis,
837 1811 999 1860 melius
1021 1815 1139 1860 mala
1159 1812 1277 1859 ferre
1297 1813 1502 1870 silendo;

424 1876 491 1924 Et
511 1880 675 1925 tacitus
697 1894 827 1925 casus
848 1877 1129 1925 dissimulare
1150 1885 1268 1925 tuos.
1619 1879 1678 1925 50

359 1942 542 2006 Exigis,
565 1951 617 1990 ut
638 1945 749 1991 nulli
769 1945 969 2007 gemitus
991 1950 1216 1990 tormenta
1237 1949 1505 2004 sequantur3

423 2010 717 2071 Acceptoque
736 2011 866 2071 gravi
887 2010 1073 2056 vulnere
1094 2008 1204 2055 flere
1225 2016 1367 2056 vetas.

359 2073 468 2138 Ipse
492 2074 685 2121 Perilleo
709 2074 913 2140 Phalaris
933 2075 1135 2135 permisit
1157 2075 1203 2120 in
1227 2089 1321 2121 aere

426 2140 579 2187 Edere
599 2140 816 2200 mugitus,
840 2146 887 2185 et
906 2140 1036 2186 bovis
1058 2156 1136 2187 ore
1156 2140 1298 2200 queri.
1583 2180 1594 2189 .

362 2202 482 2254 Cum
508 2205 676 2251 Priami
696 2204 891 2250 lacrimis
912 2204 1111 2251 offensus
1132 2221 1224 2252 non
1248 2206 1306 2251 sit
1329 2203 1551 2260 Achillen

426 2269 501 2317 Tu
524 2268 658 2315 fletus
680 2270 863 2325 inhibes,
888 2269 1042 2315 durior
1062 2272 1205 2325 hoste,
1229 2285 1371 2316 meos.

363 2332 484 2389 cnm
506 2333 674 2379 faceret
696 2333 877 2380 Nioben
899 2334 1052 2381 orbam
1076 2332 1240 2382 Latoia
1254 2334 1415 2398 proles,

425 2398 538 2445 Non
559 2404 710 2444 tamen
733 2407 779 2446 et
802 2401 943 2446 siccas
955 2400 1093 2462 jussit
1115 2402 1277 2447 habere
1296 2414 1450 2462 genas·

363 2463 467 2511 Est·
478 2462 655 2522 aliquid,
679 2463 813 2511 fatale
835 2465 1003 2511 malum
1024 2481 1106 2526 per
1126 2466 1265 2512 verba
1284 2465 1435 2511 levare
1447 2478 1465 2510 z

429 2525 540 2573 Hoc
561 2529 792 2587 querulam
816 2527 1034 2591 Prognen
1058 2529 1425 2592 Halcyonenque
1443 2528 1549 2576 facit.
1602 2530 1665 2576 60

363 2588 475 2639 Hoc
495 2598 604 2646 erat,
627 2592 676 2637 in
697 2593 846 2654 gelido
868 2609 1007 2654 quare
1031 2592 1263 2642 Paeantius
1285 2602 1415 2644 antro

428 2655 553 2705 Voce
573 2655 783 2724 fatigaret
804 2657 999 2708 Lemnia
1011 2674 1123 2710 saxa
1144 2658 1239 2709 sua.

349 238 398 295 Si
421 254 573 294 tamen
596 244 624 294 ὲ
645 247 773 296 vobis
795 248 969 310 aliquis,
992 255 1084 295 tam
1106 248 1265 304 multa,
1287 249 1518 312 requiret,
1557 267 1562 270 ⁵

1781 387 1782 412 ι
