1842 2966
315 149 383 192 4³8
450 152 455 155 “
664 143 737 194 1³2
769 143 1006 194 ovum
1038 142 1336 196 NASONIS

313 273 462 322 Vesta
481 291 660 338 quoque
681 283 733 324 ut
745 276 857 325 folio
878 278 1019 325 niteat
1032 278 1181 325 velata
1201 278 1385 332 recenti,

384 339 521 389 Cedit
542 343 597 388 ab
620 340 770 397 Iliacis
791 344 946 390 laurea
967 359 1079 391 cana
1098 343 1228 390 focis.

319 405 468 462 Adde,
493 403 613 468 quod
634 407 797 455 arcanii
816 408 914 455 fieri
939 424 1085 455 novus
1104 409 1225 471 ignis
1240 410 1288 454 in
1312 408 1412 454 aede

381 471 567 519 Dicitur
578 490 594 530 ς
630 481 677 520 et
697 476 818 521 vires
839 474 1023 520 flamma
1044 473 1212 520 refecta
1232 474 1365 537 capit.

290 586 295 591 ,
313 535 424 584 Nec
446 539 559 584 mihi
579 554 718 601 parva
736 539 860 594 fides,
885 554 1028 585 annos
1049 539 1154 586 hinc
1176 539 1265 585 isse
1286 539 1470 600 priore&

382 602 522 650 Anna
543 601 664 665 qudd
686 606 773 651 hoc
795 613 947 664 coepta
967 612 1036 650 est
1051 619 1209 650 mense
1227 603 1438 651 Perenna
1459 603 1571 651 coli.

316 666 445 717 Hinc
467 669 602 730 etiam
618 679 800 717 veteres
819 669 919 715 initi
941 677 1250 715 memorantur
1269 671 1472 716 bonores

380 735 458 781 Ad
479 737 672 797 spatium
692 734 811 788 belli,
832 732 1001 794 perfide
1023 733 1182 788 Poene,
1206 735 1286 781 tui.

316 798 535 863 Denique
546 801 738 861 quintus
760 799 816 844 ab
835 799 923 845 hoc
942 798 1090 846 fuerat
1113 799 1360 854 Quintilis:
1389 806 1436 846 et
1456 799 1570 846 inde

383 864 561 927 Incipit,
586 863 615 910 ὲ
632 878 822 910 numero
839 865 1024 910 nomina
1045 865 1246 926 quisquis
1266 866 1414 912 habet.
1573 867 1684 912 150

318 928 517 984 Primus,
540 928 755 975 oliviferis
776 927 977 975 Romam
1000 929 1217 977 deductus
1238 932 1292 977 ab
1315 930 1447 984 arvis,

384 994 637 1054 Pompilius
657 1008 838 1040 menses
860 996 1002 1041 sensit
1022 997 1177 1042 abesse
1199 995 1326 1043 duos.

318 1059 426 1107 Sive
447 1060 535 1104 hoc
557 1055 584 1104 ὲ
608 1059 762 1106 Samio
783 1059 959 1114 doctus,
981 1061 1056 1120 qui
1077 1076 1212 1122 posse
1234 1061 1408 1108 renasci

382 1123 485 1170 Nos
500 1130 666 1186 ‚putat3
691 1123 865 1186 Egeria
885 1126 981 1172 sive
1001 1134 1217 1172 monente
1239 1126 1333 1173 sua.

314 1188 407 1237 sed
430 1197 584 1235 tamen
605 1190 813 1236 errabant
832 1191 1078 1237 etiamnum
1101 1198 1332 1254 tempora3
1367 1191 1516 1238 donee

383 1252 579 1302 Caesaris
601 1256 651 1301 in
670 1255 825 1302 multis
846 1257 945 1302 haec
967 1272 1144 1318 quoque
1165 1272 1271 1304 cura
1290 1257 1394 1303 fuit.

317 1316 430 1366 Non
453 1321 555 1367 haec
574 1320 650 1366 ille
667 1320 813 1376 Deus,
835 1329 1065 1383 tantaeque
1085 1323 1347 1384 propaginis
1368 1328 1541 1375 auctor,

316 1396 321 1399 ⁴
384 1383 588 1433 Credidit
609 1386 768 1432 officiis
789 1403 889 1434 esse
909 1387 1087 1433 minora
1107 1388 1229 1434 suis:

318 1448 690 1514 Promissumque
711 1452 793 1500 sibi
815 1453 961 1501 voluit
981 1466 1267 1515 praenoscere
1286 1451 1477 1499 coelum:

382 1516 486 1564 Nee
509 1517 642 1565 Deus
658 1520 837 1581 ignotas
860 1520 1023 1580 hospes
1046 1518 1159 1565 inire
1181 1519 1354 1565 domos.
1570 1522 1682 1566 160

316 1579 405 1630 Ille
425 1597 577 1631 moras
602 1583 733 1637 Solis,
755 1586 916 1645 quibus
935 1586 983 1629 in
1007 1599 1088 1630 sua
1110 1585 1240 1645 signa
1261 1584 1439 1639 rediret,

379 1647 594 1695 Traditur
615 1649 786 1695 exactis
807 1649 1082 1710 disposuisse
1101 1650 1235 1695 notis.

312 1709 370 1760 Is
387 1713 533 1759 decies
555 1728 690 1760 senos
709 1719 962 1760 tercentum
985 1720 1030 1759 et
1042 1714 1241 1774 quinque
1262 1714 1420 1761 diebus

385 1776 420 1826 J
422 1780 563 1832 unxit,
587 1786 633 1824 et
657 1775 683 1822 ὲ
703 1777 840 1840 pleno
862 1785 1065 1840 tempora
1086 1787 1244 1839 quarta
1264 1781 1351 1826 die.

312 1840 417 1889 *Hic
439 1844 543 1889 anni
566 1842 727 1890 modus
749 1850 832 1890 est.
866 1842 925 1889 In
948 1844 1141 1890 lustrum
1162 1846 1372 1892 accedere
1394 1844 1544 1899 debet,

386 1907 508 1962 Quae
529 1915 868 1955 consummatur
885 1910 1101 1971 partibus,
1122 1925 1215 1957 una
1236 1911 1346 1956 dies.

319 1973 375 2022 Sr
395 1973 502 2020 licet
517 1974 718 2020 occultos
738 1975 938 2021 monitus
959 1975 1112 2021 audire
1134 1974 1343 2022 Deorum

384 2037 605 2092 Vatibus;
629 2047 681 2085 ut
703 2036 827 2085 certe
848 2039 968 2086 fama
989 2041 1125 2086 licere
1139 2048 1268 2101 putat
1284 2057 1304 2098 ;

320 2100 440 2151 Cuim
459 2104 521 2150 sis
542 2104 713 2156 officiis,
738 2104 951 2160 Gradive,
968 2106 1168 2153 virilibus
1190 2112 1321 2167 aptus
1338 2121 1352 2162 ;

383 2166 479 2215 Dic
500 2169 624 2223 mihi,
647 2175 868 2216 matronae
889 2186 971 2216 cur
992 2178 1069 2217 tua
1088 2170 1208 2217 festa
1227 2171 1391 2217 colant.
1573 2173 1688 2220 170

229 2274 233 2280 ,
319 2232 398 2281 sic
420 2249 523 2296 ego.
559 2234 636 2281 Sic
651 2233 797 2296 posita
818 2236 932 2282 dixit
952 2237 1061 2282 mihi
1082 2236 1253 2283 casside
1275 2234 1498 2292 Mavors3

387 2298 479 2345 Sed
499 2307 651 2345 tamen
673 2299 721 2346 in
742 2299 901 2347 dextra
915 2302 1096 2348 missilis
1117 2302 1246 2348 basta
1264 2301 1380 2347 fuit:

319 2358 677 2425 Nunc'p'rimum
701 2366 859 2412 studiis
878 2367 1015 2429 pacis,
1036 2366 1170 2412 Deus
1192 2366 1313 2412 utilis
1330 2364 1482 2419 armis,

387 2426 631 2475 Advocor:
672 2436 718 2476 et
739 2446 925 2493 gressus
946 2431 992 2476 in
1016 2446 1137 2477 nova
1153 2439 1301 2478 castra
1319 2429 1433 2475 sero.

321 2487 426 2538 Nec
447 2494 574 2555 piget
593 2494 775 2558 incepti.
808 2495 953 2544 Juvat
974 2496 1058 2541 hac
1078 2510 1257 2556 quoque
1276 2501 1405 2555 parte
1425 2494 1602 2541 morari
1626 2511 1641 2541 ε

384 2555 493 2604 Hoc
516 2559 656 2605 solam
675 2576 732 2607 ne
755 2576 805 2608 se
825 2576 961 2622 posse
977 2559 1192 2607 Minerva
1210 2565 1356 2621 putet.

322 2616 480 2677 Disce,
505 2622 774 2673 Iatinon-um
790 2633 918 2672 vates
941 2640 1129 2687 operose
1150 2624 1335 2677 dierum,

385 2685 527 2742 Quod
545 2691 694 2752 petis3
727 2696 774 2737 et
795 2689 985 2737 memori
1006 2695 1189 2752 pectore
1208 2689 1326 2734 dicta
1347 2694 1474 2734 nott·
1595 2711 1619 2732 ι
