1842 2966
24 0 634 17 -----Ἶ----------.---ῐ--ῐὝ.-.Ἶῖ.ῒ-Ϋἡ
661 1 666 2 ⁷
697 1 704 2 a

500 126 881 176 FASTORUM
911 126 1020 176 an.
1040 126 1130 176 VI.
1383 135 1493 181 129·

112 255 257 306 Non
280 265 434 306 tamen
453 258 573 305 hanc
586 275 674 321 pro
696 260 835 321 stirpe
856 256 942 306 sua
958 260 1033 321 pia
1053 265 1197 308 mater
1217 260 1394 309 adoret:

206 320 323 386 Ipsa
341 339 500 387 pamm
521 323 634 371 felix
651 325 752 371 visa
770 323 911 371 fuisse
932 339 1108 385 parens.
1379 322 1479 376 560

121 386 354 435 Alterius
375 388 547 451 prolem
569 386 732 436 melius
757 390 1025 437 mandabitis
1044 390 1135 438 init

208 453 384 501 Utilior
403 453 587 500 Baccho
607 452 741 514 quam
762 454 849 501 fuit
868 455 968 515 ipsa
986 455 1094 501 suis.

126 516 288 564 Hanc
311 519 404 573 tibi,
437 516 545 572 Quo
564 534 792 581 properas,
813 526 1070 565 memorant
1091 519 1272 577 dixisse,
1295 519 1441 569 Rutili
1455 521 1479 569 2’
1543 528 1550 541 ‘

207 583 342 630 Luce
362 581 464 630 mea
485 583 647 630 Marso
670 583 847 633 Consul
867 585 924 630 ab
945 586 1075 630 hoste
1096 585 1244 632 cades.

125 646 315 695 Exitus
335 649 527 695 accessit
547 650 723 696 verbis:
751 648 1011 710 flumenque
1030 648 1077 695 T
1077 649 1258 696 olenum

207 712 446 774 Purpureo
467 714 623 760 mixtis
642 730 666 760 s
759 715 864 760 uine
884 713 1019 770 fluxit
1038 714 1191 775 aquis«

132 777 392 825 Proximus
413 794 561 825 annus
578 786 700 826 erat:
772 779 982 826 allantide
998 794 1145 827 caesus
1165 776 1322 827 eadem

206 842 379 890 Didius
400 845 588 891 hostiles
609 845 905 909 ingeminavit
928 860 1052 906 opes.

134 905 252 955 Lux
274 909 453 964 eadent,-
469 908 686 965 Fortuna,
707 916 787 956 tua
805 916 889 964 est,
911 916 1169 971 auctorque,
1190 911 1423 971 locusque.
1467 926 1472 937 ·

210 974 305 1020 Sed
327 974 643 1036 superinjectis
659 975 761 1035 quis
780 974 891 1022 latet
912 975 1011 1022 aede
1031 976 1153 1038 togis
1166 975 1191 1021 ἐ’
1387 978 1487 1024 570

140 1037 334 1086 Servius
358 1047 454 1086 est}
475 1040 564 1085 hoc
586 1045 767 1086 constat
785 1041 930 1086 enim:
961 1040 1040 1087 sed
1060 1056 1221 1088 caussa
1240 1040 1411 1088 latendi

209 1102 484 1166 Discrepat;
507 1110 554 1151 et
584 1104 768 1151 dubium
790 1120 865 1151 me
885 1120 1065 1167 quoque
1085 1107 1251 1153 mentis
1271 1107 1419 1154 habet·-

139 1167 280 1217 Dum
304 1168 413 1216 Dea
429 1168 623 1216 furtivos
644 1166 803 1216 timide
823 1169 1059 1232 profitetur
1079 1186 1269 1226 amores,

210 1233 552 1296 Coelestemque
573 1236 745 1282 homini
767 1236 1060 1297 concubuisse
1078 1237 1245 1297 pudet3

143 1298 306 1364 (Arsit
326 1301 447 1346 enim
469 1299 636 1361 magna
657 1309 862 1362 correpta
883 1299 1092 1361 cupidine
1108 1300 1269 1363 Regis,

215 1361 447 1425 Caecaque
462 1366 511 1411 in
525 1367 612 1411 hoc
634 1381 728 1412 uno
750 1381 842 1416 non
862 1365 951 1411 fuit
970 1365 1048 1411 illa
1067 1363 1190 1426 viro)

141 1428 305 1477 Nocte
328 1429 513 1492 domum
531 1429 677 1494 parva¹
695 1431 828 1477 solita
848 1437 919 1477 est
939 1430 1110 1476 intrare
1126 1428 1326 1476 fenestra
1339 1447 1362 1476 :-

214 1495 358 1543 Unde
379 1495 652 1544 Fenestellae
674 1497 861 1544 nomina
877 1502 1009 1558 porta
1029 1502 1176 1542 tenet.-

143 1560 292 1608 Nunc
314 1561 464 1624 pudet,
488 1567 543 1607 et
556 1563 710 1609 vultus
724 1562 950 1608 velamine
970 1560 1088 1607 celat
1106 1565 1310 1615 amatos:

212 1626 401 1688 Oraque
423 1634 527 1673 sunt
547 1625 693 1674 multa
706 1626 838 1689 regia
850 1633 974 1673 tecta
992 1624 1119 1688 toga.
1389 1626 1491 1673 580

145 1692 227 1739 An
251 1691 402 1754 magis
423 1699 494 1738 es't
507 1708 681 1748 verum,
703 1690 955 1754 postTulli
972 1690 1134 1738 funera
1153 1688 1330 1752 plebem
1477 1713 1481 1718 ·

213 1755 470 1805 Confusam
485 1756 646 1819 placidi
669 1763 815 1804 morte
834 1755 974 1803 fuisse
996 1756 1121 1803 ducis
1132 1754 1155 1800 ?

116 1859 121 1868 .
146 1821 257 1869 Nec
278 1822 443 1868 modus
464 1821 584 1869 ullus
604 1829 724 1869 eratz
753 1822 983 1871 crescebat
1001 1821 1201 1883 imagine
1221 1820 1402 1879 luctus;
1474 1873 1480 1877 ,

213 1886 387 1934 Donec
409 1902 507 1934 eam
528 1888 689 1949 positis
709 1888 948 1933 occuluere
967 1886 1103 1948 togiS.

145 1950 314 1999 Tertia
335 1967 494 1999 caussa
508 1953 623 1997 mihi
646 1952 789 2014 spatio
809 1953 980 2013 majore
1001 1950 1202 1997 canenda
1221 1956 1317 1997 est:

216 2017 325 2064 Nos
338 2025 492 2064 tamen
513 2017 732 2063 adductos
750 2018 873 2063 intus
894 2030 1083 2078 agemus
1104 2029 1259 2075 equos.

149 2080 323 2138 Tullia,
347 2082 576 2144 conjugio,
599 2081 781 2129 sceleris
802 2081 1023 2136 mercede,
1044 2086 1242 2141 peracto,

224 2145 322 2193 His
345 2146 477 2193 solita
498 2153 569 2193 est
588 2146 719 2200 dictis
740 2146 1032 2194 exstimulare
1052 2146 1228 2191 virum:

155 2211 287 2267 Quid
300 2212 434 2274 juvat
454 2227 554 2258 esse
572 2227 714 2274 pares,
737 2219 785 2259 te
806 2218 975 2258 nostrae
996 2210 1120 2257 caede
1141 2210 1323 2265 sororis,
1475 2228 1482 2232 ·

222 2276 402 2337 Meque
424 2278 490 2323 tui
509 2276 675 2332 fratris,
698 2277 735 2323 si
758 2277 835 2338 pia
854 2276 946 2323 vita
971 2275 1116 2337 placet
1130 2274 1154 2319 ἲ
1394 2276 1493 2323 590

154 2340 335 2400 Vivere
355 2342 601 2389 debuerant
619 2348 667 2388 et
687 2342 756 2389 vir
778 2356 919 2396 meus,
944 2348 991 2386 et
1010 2347 1089 2387 tua
1108 2341 1298 2402 conjux,-

227 2406 279 2456 si
302 2407 476 2453 nullum
499 2408 647 2453 ausuri
667 2407 812 2469 majus
834 2420 1012 2454 eramus
1033 2420 1160 2467 opus.

159 2471 229 2519 Et
251 2478 386 2533 caput
407 2481 453 2518 et
476 2487 667 2533 regnum
686 2471 806 2519 facio
827 2470 977 2518 dotale
994 2470 1206 2532 parentis.

229 2537 280 2584 Si
301 2537 374 2583 vir
388 2551 451 2591 es,
474 2538 503 2592 i,
526 2537 667 2583 dictas
687 2536 823 2598 exige
838 2535 957 2582 dotis
977 2549 1100 2596 opes.

162 2600 318 2663 Regia
338 2617 410 2651 res
432 2602 578 2649 scelus
599 2608 684 2649 est.
730 2599 898 2649 Socero
920 2614 1030 2661 cape
1049 2612 1192 2660 regna
1211 2602 1395 2644 necato:

230 2666 299 2715 Et
319 2674 498 2714 nostras
517 2668 664 2731 patrio
686 2666 909 2728 sanguine
928 2665 1088 2727 tingue
1108 2676 1284 2710 manus.
