1842 2966
350 112 660 168 EPISTOL.
690 115 790 170 Ex
823 115 1058 169 PONTO
1091 117 1197 169 Lu'.
1221 118 1318 169 111.
1351 126 1399 171 4.
1438 119 1552 172 '501

203 247 432 310 Tamque
450 264 543 311 ego
564 247 825 296 sumsissem
845 248 927 295 tali
948 249 1162 311 clangore
1182 252 1400 314 vigorem,

287 311 445 368 Quam
467 314 591 361 rudis
613 311 764 360 audita
782 315 913 360 miles
935 314 992 360 ad
1013 330 1138 362 arma
1159 315 1280 364 tuba.

206 377 418 427 Pectora
437 381 531 426 sint
551 379 680 425 nobis
700 379 878 425 nivibus
899 379 1134 440 glacieque
1154 381 1316 438 licebit,

282 444 442 506 Atque
462 445 562 499 hoc,
587 458 722 504 quem
743 444 909 506 patior,
926 443 1159 505 frigidiora
1179 446 1282 493 loco
1297 464 1312 495 ε

205 506 319 557 Illa·
330 508 480 556 Ducis
499 509 651 564 facies,
672 510 720 554 in
744 524 877 555 curru
898 510 1061 555 stantis
1081 510 1266 567 eburno,

280 572 539 625 Excuteret
556 573 703 635 frigus
725 574 929 621 sensibus
950 588 1086 621 omne
1108 577 1235 624 meis.
1377 621 1381 626 .

209 638 316 687 His
335 654 425 703 ego
447 639 663 693 defectus,
687 640 917 701 dubiisque
939 640 1194 688 auctoribus
1216 656 1340 698 usus,

280 703 364 750 Ad
383 706 522 752 vestri
546 705 680 750 venio
693 705 798 766 jure
817 703 986 752 favoris
1008 720 1156 767 opem.

207 768 325 817 Nec
344 770 457 816 mihi
475 777 587 816 nota
607 769 786 824 ducum,
811 785 895 817 nec
917 779 1026 816 sunt
1045 771 1154 818 mihi
1178 778 1289 819 nota
1305 772 1509 821 locorum

279 831 513 882 Nominat
552 835 785 881 materiam
807 836 887 881 vix
905 835 1100 882 habuere
1120 850 1294 884 manus.
1489 842 1558 890 4ο

210 898 337 947 Pars
357 906 499 960 quota
518 900 573 946 de
596 900 734 946 tantis
755 900 900 954 rebus,
923 915 1057 961 quam
1083 900 1225 949 Fama
1248 903 1429 958 referre,

277 964 380 1012 Aut
399 965 560 1026 aliquis
582 965 711 1012 nobis
730 966 924 1012 scribere
943 974 1109 1027 posset,
1133 968 1263 1014 erat?

207 1029 327 1084 Quo
348 1031 508 1093 magis,
532 1027 560 1076 ὃ
581 1029 736 1084 lector,
760 1030 893 1077 debes
915 1032 1167 1093 ignoscere,
1192 1033 1230 1079 si
1253 1033 1362 1094 quid

279 1092 496 1143 Erratum
518 1095 713 1150 estillic,
734 1097 1071 1157 praeteritumve
1092 1099 1219 1145 mihi.

203 1159 368 1216 Adde,-
384 1156 506 1222 quod
526 1160 754 1207 adsiduam
776 1160 945 1210 domini
968 1164 1182 1210 meditata
1201 1164 1444 1224 querelam,

279 1225 356 1272 Ad
375 1225 533 1271 laetum
548 1240 731 1272 carmen
752 1226 833 1270 vix
853 1240 957 1273 mea
969 1240 1101 1273 versa
1121 1227 1221 1287 lyra
1240 1236 1324 1275 est.

201 1289 310 1338 Vix
330 1291 450 1337 bona
462 1299 566 1353 post
584 1297 714 1337 tanto
735 1291 956 1350 quaerenti
977 1291 1113 1336 verba
1132 1292 1368 1340 subibant=

277 1355 345 1403 Et
363 1356 562 1420 gaudere
582 1355 761 1416 aliquid,
785 1369 857 1401 res
878 1355 992 1400 mihi
1013 1355 1113 1401 visa
1134 1371 1254 1402 nova
1274 1365 1360 1404 est.

209 1415 378 1483 thue
400 1420 691 1469 reformidant
711 1421 940 1467 insuetum
960 1417 1133 1466 luniina
1157 1421 1324 1476 Solem,

281 1488 359 1535 Sic
379 1487 436 1535 ad
455 1487 660 1535 laetitiam
683 1502 811 1534 mens
833 1501 936 1532 mea
956 1486 1111 1547 segnis
1126 1493 1238 1533 erat.
1486 1490 1553 1537 50

206 1553 306 1603 Est
327 1568 507 1614 quoque
527 1560 791 1599 cunctarum
813 1552 992 1598 novitas
1013 1552 1243 1598 carissima
1266 1565 1440 1601 termut

279 1619 528 1680 Gratiaque
546 1616 709 1673 officio,
732 1617 853 1677 quod
873 1632 1003 1664 mora
1017 1617 1176 1671 tardat,
1198 1618 1339 1664 abest.

203 1682 380 1736 Cetera
398 1684 604 1730 certatim
627 1684 683 1729 de
703 1697 871 1744 magno
893 1683 1060 1744 scripta
1081 1682 1308 1745 triumpho
1392 1698 1399 1705 ¹

274 1748 382 1798 Jam
402 1748 574 1812 pridem
594 1748 751 1810 populi
772 1748 976 1810 suspicor
990 1762 1069 1794 ore
1085 1747 1192 1808 legi.

205 1813 298 1863 Illa
318 1815 429 1861 bibit
449 1814 618 1868 sitiens,
639 1814 783 1860 lector
804 1828 908 1859 mea
927 1812 1090 1875 pocula
1108 1813 1293 1874 plenus:

273 1877 364 1927 Illa
384 1894 541 1926 recens
560 1886 670 1941 pota
688 1886 772 1933 est,
797 1885 952 1924 nostra
971 1879 1162 1939 tepescit
1182 1892 1312 1938 aqua.

204 1945 435 2007 Noh‘ego
456 1945 642 2000 cessavi,
666 1959 750 1990 nec
773 1942 879 1989 fecit
901 1943 1064 1990 inertia
1085 1957 1264 1991 serum:

275 2010 456 2059 Ultima
474 2025 550 2056 me
569 2010 687 2056 vasti
710 2009 901 2055 sustinet
923 2022 1003 2054 ora
1021 2007 1142 2054 freti.

203 2075 341 2126 Dum
362 2076 489 2122 venit
508 2075 598 2121 huc
620 2089 786 2129 rumor,
809 2081 1133 2136 properataque
1153 2072 1361 2121 carmina
1374 2069 1504 2128 fiunt,

273 2140 503 2202 Factaque
522 2145 634 2187 eunt
654 2136 720 2186 ad'
731 2154 829 2193 vos,
853 2153 998 2186 annus
1019 2138 1165 2185 abisse
1184 2144 1350 2200 potest.
1480 2142 1548 2186 60

201 2205 311 2256 Nee
330 2205 568 2252 minimum
590 2203 739 2259 refert,
761 2205 932 2252 intacta
952 2204 1327 2267 rosaria-primus,
1514 2214 1523 2218 “

268 2272 349 2319 Au
372 2266 473 2318 sera
491 2285 649 2331 carpas
667 2266 785 2332 pene
805 2270 964 2316 relicta
982 2283 1134 2316 manu.

201 2336 333 2393 Quid
352 2336 530 2391 mirum,
553 2335 684 2382 lectis
703 2336 928 2382 exhausto
941 2333 1127 2382 floribus
1147 2336 1294 2389 horto,

268 2398 319 2450 si
341 2399 481 2448 Duce
501 2415 596 2448 non
614 2398 741 2447 facta
755 2406 827 2446 est
846 2400 987 2461 digna
1006 2414 1175 2448 corona
1196 2414 1279 2446 suo
1291 2398 1315 2444 2

312 2481 453 2522 recor,
474 2466 577 2513 haec
595 2472 751 2512 vatum
772 2471 934 2512 contra
948 2480 1031 2523 sua
1045 2465 1244 2511 carmina
1264 2478 1324 2511 ne
1344 2462 1446 2524 quis

321 2532 413 2578 'cta
431 2537 586 2593 putet:
624 2546 709 2592 pro
726 2546 775 2576 se
797 2529 941 2576 Musa
960 2530 1112 2576 locuta
1132 2544 1237 2576 mea
1255 2536 1340 2576 est.

199 2597 324 2647 Sunt
342 2597 454 2644 mibi
475 2596 708 2644 vobiscum
728 2596 988 2642 communia
1008 2609 1150 2650 saera,
1172 2593 1345 2657 poiitae3

266 2661 326 2710 In
348 2669 501 2710 vestro
522 2662 700 2711 miseris
721 2660 1010 2709 si'lieet‘esse
1031 2660 1185 2709 choro.

200 2742 308 2777 vot..
327 2740 401 2777 111.
1070 2729 1101 2770 2
1118 2739 1151 2770 n
