1842 2966
514 96 860 164 TmsTmM
893 99 1002 148 Lu.
1023 98 1121 149 HL
1156 105 1202 150 9.
1433 106 1528 152 189

135 232 235 281 Ut
261 231 417 294 tetigi
442 228 658 286 Pontum,
681 236 849 278 vexant
868 231 1120 289 insomnia;
1143 232 1312 293 vixque

226 296 373 343 Ossa
394 297 514 359 tegit
533 297 728 353 macies;
761 311 846 344 nec
856 296 993 357 juvat
1015 312 1093 342 ora
1114 297 1251 344 cibus.

145 362 374 422 Quique
395 377 479 424 per
500 368 765 408 autumnum
786 362 1009 422 percussis
1029 360 1199 422 frigore
1219 362 1367 424 primo

228 427 340 474 Est
360 428 492 473 color
512 426 560 472 in
581 424 712 481 foliis,
736 441 838 487 quae
860 441 979 473 nova
998 426 1116 472 laesit
1137 427 1280 473 hiems
1298 446 1315 484 3
1458 430 1528 473 30

153 490 221 539 Is
245 506 368 540 mea
384 491 591 542 membra
611 498 749 537 tenet.
784 490 886 538 Nec
909 492 1076 537 viribus
1098 491 1277 538 adlevor
1293 492 1427 548 ullis;

231 556 311 604 Et
334 571 587 617 numquam
608 556 783 617 queruli
805 571 964 603 caussa
984 555 1150 603 doloris
1171 558 1310 603 abest.

151 620 278 668 Nec
303 618 475 668 melius
496 622 640 675 valeo,
657 617 790 681 quam
807 636 1006 682 corpore,
1021 628 1196 678 mente;
1221 621 1300 668 sed
1317 635 1441 684 aegra
1456 621 1526 668 e‘st

238 686 464 747 Utraque
483 702 586 747 pars
608 683 752 747 aeque,
774 686 1149 748 binaquejdamna
1167 685 1280 733 sero.

163 750 367 806 Haeret,
393 758 441 797 et
462 757 568 797 ante
588 752 758 805 oculos,
774 752 914 797 veluti
937 751 1177 812 spectabile
1198 766 1373 813 corpus,

239 816 421 863 Adstat
443 815 663 863 Fortunae
681 815 829 863 forma
847 816 1041 878 legenda
1060 832 1191 863 meae.
1291 814 1524 880 [numque

170 880 401 941 cumque
424 881 592 937 locum,
622 896 861 942 moresque
891 881 1139 936 hominum,
1173 881 1421 942 cultusque,
1447 896 1522 928 so-

243 944 520 1004 cernimus;
543 954 590 993 et
611 947 717 1007 quid
737 947 838 1003 sim,
861 946 969 1008 quid
988 945 1238 1008 fuerimque
1258 949 1405 1004 subit;

170 1011 365 1059 Tantus
386 1026 514 1058 amor
534 1013 658 1058 necis
673 1018 755 1068 est,
779 1026 940 1073 querar
961 1018 1012 1059 ut
1033 1027 1137 1059 cum
1163 1010 1359 1061 Caesaris
1380 1009 1458 1067 ira,

246 1073 392 1131 Qudd
414 1091 508 1124 non
529 1074 724 1123 offensas
745 1077 945 1123 vindicet
966 1092 1074 1123 ense
1096 1092 1214 1125 suas.
1458 1080 1526 1123 40

179 1141 252 1189 At
273 1141 490 1202 qnoniam
514 1141 654 1187 semel
675 1146 747 1186 est
767 1142 870 1187 odio
891 1141 1082 1190 civiliter
1097 1157 1219 1200 usus,

247 1206 437 1254 Mutato
457 1206 598 1255 levior
619 1206 679 1253 sit
697 1204 811 1269 fuga
831 1213 987 1255 nostra
1007 1206 1124 1254 loco.

650 1399 923 1452 ELEGIA
962 1399 1057 1449 IX.

190 1531 287 1580 Hic
310 1544 488 1594 quoque
504 1537 615 1579 sunt
630 1532 771 1594 igitur
791 1533 950 1609 Grajae
965 1530 1087 1608 (quis
1109 1528 1362 1593 crederet?)
1377 1531 1522 1589 urbes,

255 1595 381 1645 Inter
400 1598 658 1645 inhumanae
680 1599 867 1646 nomina
886 1596 1115 1645 barbariae.

193 1661 303 1710 Huc
323 1677 497 1724 quoque
519 1661 686 1709 Mileto
705 1664 832 1710 missi
853 1677 1021 1710 venere
1042 1662 1207 1716 coloni,

257 1726 399 1788 Inque
421 1728 553 1774 Getis
572 1727 736 1790 ,Graias
758 1725 1035 1775 constituere
1055 1728 1230 1775 domos.

197 1794 285 1842 Sed
299 1799 426 1839 vetus
446 1793 550 1839 huic
571 1808 751 1849 nomen,
772 1791 1006 1855 positaque
1025 1793 1252 1853 antiquius
1271 1791 1393 1849 urbe.

262 1854 449 1906 Constat
469 1859 524 1905 ab
544 1857 734 1919 Absyrti
756 1858 880 1905 caede
898 1857 1051 1913 fuisse,
1067 1857 1183 1904 loco.

196 1922 317 1971 Nam
337 1930 440 1978 rate,
464 1937 567 1985 quae
585 1922 693 1970 cura
711 1924 930 1985 pugnacis
943 1922 1065 1970 facta
1085 1922 1327 1976 Minervae,

262 1987 350 2034 Per
369 2003 457 2034 non
480 1994 673 2035 tentatas
694 1988 838 2050 prima
859 1989 1055 2034 cucurrit
1076 2002 1224 2047 aquas,

201 2052 341 2114 Impia
361 2053 581 2099 desertum
601 2052 782 2116 fugiens
805 2052 975 2100 Medea
993 2060 1238 2114 parentem,

263 2117 437 2165 Dicitur
457 2118 527 2164 his
550 2133 698 2164 remos
720 2118 986 2179 adplicuisse
1007 2118 1148 2164 vadis.
1456 2120 1518 2165 10

205 2183 347 2238 Quem
365 2184 519 2244 procul
540 2189 591 2229 ut
612 2184 725 2229 vidit
745 2183 921 2230 tumulo
944 2182 1193 2244 speculator
1214 2183 1268 2229 ab
1286 2181 1408 2243 alt03

265 2244 448 2308 Hospes,
473 2248 548 2302 ait,
572 2264 723 2303 nosen,
751 2247 980 2304 Colchide,
1005 2249 1118 2302 vela,
1140 2248 1280 2295 venit.

170 2312 328 2360 -Dum
347 2313 563 2375 trepidant
585 2312 777 2374 Minyae,
801 2313 907 2360 dum
931 2313 1119 2359 solvitur
1139 2326 1310 2374 aggere
1328 2310 1462 2368 funis,

267 2377 382 2423 Dum
404 2379 604 2438 sequitur
625 2379 793 2425 celeres
816 2379 1013 2425 anchora.
1033 2384 1176 2424 tracta
1195 2385 1385 2435 manus;
1521 2390 1526 2393 ·

212 2441 390 2492 Conscia
408 2443 628 2505 percussit
648 2444 908 2490 meritorum
931 2450 1114 2504 pectora
1136 2439 1332 2495 Colchis,

274 2504 388 2554 Ausa
407 2513 539 2568 atque
559 2523 721 2555 ausura
740 2508 884 2554 multa
905 2506 1096 2554 nefanda
1109 2520 1260 2552 manu.

213 2571 285 2627 Et,
305 2586 556 2633 quamquam
578 2580 782 2649 superest
801 2573 964 2634 ingens
985 2571 1169 2618 audacia.
1186 2569 1339 2626 menti,

272 2636 437 2689 Pallor
425 2652 471 2691 m
485 2639 678 2690 attonito
698 2637 888 2702 virginis
909 2652 988 2684 ore
1009 2635 1147 2687 sedet.
