1842 2966
579 160 965 214 PASTORUM
979 164 1103 219 *Lm
1127 164 1218 215 VI.
1481 175 1574 221 127

227 298 436 352 Bacche,
452 296 737 345 racemiferos
756 293 924 344 hedera
942 295 1147 344 redimite
1167 298 1365 360 capillos.

304 363 383 428 (Si
405 363 565 411 domus
585 362 663 411 illa
682 368 762 408 tua
782 359 874 422 est)
898 361 1045 424 dirige
1065 363 1194 410 navis
1211 364 1313 411 iter.
1371 386 1378 395 ·

230 431 430 477 Araerat
449 429 663 488 obsequio
684 427 863 474 Semele
885 426 1035 475 Jovis.
1078 426 1261 489 Accipit
1281 427 1369 477 Ino

148 532 151 541 .
301 492 389 548 Te,
411 508 547 556 puer;
571 499 618 539 et
638 490 817 540 summa
837 493 994 538 sedula
1015 493 1158 538 nutrit
1178 507 1278 554 ope.

230 557 467 606 Intumuit
486 557 521 606 J
521 573 625 611 uno,
647 554 776 619 rapta
794 554 916 618 quod
933 558 1094 619 pellice
1115 563 1272 606 natum

298 623 483 671 Educet
496 640 510 669 z
538 629 586 670 at
606 623 790 684 sanguis
810 622 888 668 ille
909 623 1077 669 sororis
1098 628 1209 668 erat.
1274 634 1281 641 ·

229 688 368 736 Hinc
386 689 538 750 agitur
556 687 686 734 furiis
709 687 945 741 Athamas,
968 694 1017 734 et
1037 687 1237 749 imagine
1256 686 1397 736 falsfiz

295 753 463 814 Tuque
483 753 604 800 cadis
622 750 779 815 patria,
801 767 941 814 parve
961 751 1179 808 Learche,
1201 767 1356 800 manu·
1472 758 1571 803 490

225 819 414 867 Moesta
434 817 690 865 Learcheas
710 825 856 864 mater
876 817 1178 864 tumulaverat
1199 818 1381 866 umbras
1397 835 1415 876 ;

297 882 367 931 Et
387 883 571 930 dederat
589 883 764 930 miseris
783 883 939 930 omnia
948 883 1077 944 justa
1097 883 1237 945 rogis.

142 966 149 973 ·
223 947 357 997 Haec
378 963 571 1009 quoque,
592 948 797 995 funestos
818 953 871 994 ut
890 955 988 994 erat
1006 948 1174 996 laniata
1193 948 1401 1010 capillos,-

295 1013 483 1061 Prosilit
495 1030 511 1070 ς
545 1020 593 1060 et
614 1014 742 1060 cunis
762 1020 822 1067 te,
846 1012 1101 1067 Melicerta,
1125 1014 1254 1075 rapit.

219 1079 321 1129 Est
343 1080 487 1141 spatio
509 1085 740 1125 contracta
758 1078 898 1131 brevi,
917 1077 1036 1125 freta
1054 1079 1160 1126 bina
1179 1079 1368 1142 repellit,

295 1143 493 1205 Unaque
505 1144 708 1206 pulsatur
728 1150 849 1190 terra
868 1142 1039 1190 duabus
1062 1144 1204 1204 aquia.

219 1208 342 1258 Huc
363 1209 492 1256 venit
511 1210 682 1256 insanis
702 1216 859 1255 natum
881 1207 1119 1270 complexa
1137 1209 1317 1257 lacertis
1334 1226 1352 1266 ς

293 1274 363 1322 Et
382 1283 535 1322 se‘cum
560 1271 587 1320 ὲ
607 1274 730 1321 celso
751 1274 891 1320 mittit
911 1274 961 1318 in
983 1273 1074 1320 alta
1084 1274 1217 1335 jugo.

218 1338 418 1402 Excipit
435 1338 603 1386 illaesos
627 1337 813 1401 Panope
832 1344 1105 1398 centumque
1126 1353 1333 1395 sorores;

290 1403 360 1452 Et
378 1404 554 1467 placido
574 1405 703 1467 lapsu
723 1418 805 1466 per
825 1418 908 1449 sua
929 1402 1255 1465 regna-ferunt.
1465 1407 1564 1453 500

217 1470 446 1520 Nondum
470 1468 744 1525 Leucothei5,
770 1467 971 1516 nondum
993 1481 1105 1530 puer-
1126 1467 1203 1515 ille
1227 1466 1462 1518 Palaemon

288 1535 551 1583 Vorticibus
573 1537 699 1583 densi
721 1534 966 1595 Thybridis
988 1548 1069 1580 ora
1088 1540 1257 1580 tenent.

215 1601 382 1650 Lucus
403 1607 524 1649 erat:
552 1601 734 1648 dubium
758 1598 953 1647 Semelae
978 1598 1244 1645 Stimulaene
1264 1604 1479 1658 vocetur-3
1527 1608 1539 1625 ¹

285 1666 532 1714 Maenadas
553 1666 784 1713 Ausonias
804 1665 1047 1712 incoluisse
1064 1663 1231 1711 ferunt.

217 1732 406 1788 Quoefit
425 1733 482 1779 ab
495 1732 567 1778 bis
588 1730 689 1787 Ino,
712 1744 816 1791 quae
837 1745 955 1792 gens
975 1729 1108 1776 foret.
1149 1730 1355 1777 Arcadas
1374 1744 1476 1777 esse
1505 1743 1512 1750 ‘

284 1797 460 1855 Audit3
484 1803 532 1844 et
552 1796 819 1844 Evandrum
840 1801 1020 1856 sceptra
1033 1801 1188 1842 tenere
1206 1794 1311 1841 loci.

214 1861 524 1911 Dissimulata
545 1861 698 1909 Deam
722 1860 880 1908 Latias
898 1860 1116 1908 Saturnia
1135 1858 1342 1907 Bacchas

223 1970 245 1988 ,λ
282 1925 547 1975 Instimulat
560 1926 678 1974 fictis
691 1927 906 1973 insidiosa
925 1926 1073 1972 sonis:

212 1989 462 2042 onimium
481 1992 652 2048 faciles,
675 1989 704 2038 ὃ
724 1998 825 2039 toto¹
842 1998 1025 2053 pectore
1046 1997 1204 2053 captae,

280 2057 398 2105 Non
419 2059 547 2105 veuit
560 2059 661 2105 haee
681 2058 850 2104 nostris
869 2058 1032 2118 hospes
1053 2057 1197 2103 amica
1217 2054 1380 2101 choris·
1455 2058 1554 2102 510

211 2122 401 2175 Fraude
419 2123 562 2186 petit3
587 2120 789 2183 sacrique
808 2129 937 2185 parat
957 2136 1233 2184 cqgnoscere
1254 2121 1406 2167 ritum.

284 2188 396 2244 Quo
416 2189 565 2251 possit
581 2201 739 2250 poenas
759 2188 971 2250 pendere,
992 2187 1159 2248 pignus
1178 2186 1326 2232 habet.

212 2253 315 2300 vix
335 2255 459 2301 bene·
473 2254 667 2301 desierat
679 2265 699 2311 ;·
717 2252 948 2315 complent
967 2251 1206 2300 ululatibus
1225 2265 1358 2297 auras

278 2317 499 2380 Thyades
517 2318 673 2366 efflisis
692 2333 774 2380 per
796 2332 878 2365 sua
897 2316 1014 2364 colla
1033 2317 1197 2364 comis:

213 2384 527 2448 Injiciuntque
545 2399 722 2438 manus,
741 2397 1026 2446 puerumque
1042 2380 1258 2428 revellere
1278 2387 1501 2443 pugnant.

282 2449 417 2504 Quos
436 2451 619 2512 ignorat
638 2450 799 2503 adhuc,
819 2449 1001 2495 invocat
1020 2446 1096 2492 illa
1118 2443 1276 2492 Deos:

210 2514 386 2577 Dique,
409 2513 619 2576 Deoeque
638 2514 740 2567 loci,
763 2514 942 2559 miserae
960 2511 1209 2558 succurrite
1228 2510 1380 2557 matri.

280 2578 470 2629 clamor
491 2576 713 2627 Aventini
733 2592 844 2625 saxa
861 2577 1113 2639 propinqua
1132 2575 1251 2622 ferit.

213 2646 261 2695 A
321 2646 467 2693 ulerat
487 2646 597 2707 ripae
617 2655 780 2691 vaccas
802 2642 985 2689 OEtaeus
1008 2639 1177 2687 Iberas.

327 2710 438 2766 udit,
461 2717 507 2757 et
527 2710 585 2758 ad
605 2724 767 2757 vocem
789 2707 995 2758 concitus
1016 2712 1184 2768 urguet
1201 2701 1306 2752 iter.
1453 2702 1550 2747 520
