1842 2966
357 189 685 258 «ΕΡῑεΤοι.
709 195 807 247 Ex
831 193 1064 245 PoN'ro
1098 196 1205 247 Lu.
1230 198 1300 248 11.
1335 205 1381 250 s.
1439 203 1551 258 ,283

183 321 276 370 sie
298 324 378 371 tibi
399 326 471 373 vir
492 342 660 389 sospes,
683 328 749 375 sio
770 328 863 374 sint
883 344 987 375 cum
1009 329 1137 391 prole
1158 339 1359 394 nepotes,

260 386 473 452 Cumque
493 392 623 438 bonis
646 393 836 456 riui-ibus¹
850 408 963 454 quas
984 409 1196 462 peperere
1216 412 1372 447 nurus.

184 453 286 509 sic,
300 471 434 516 quem
458 456 554 503 dira
574 457 653 503 tibi
676 458 822 519 rapuit
844 457 1107 513 Germania,
1131 459 1318 511 Drusus

258 519 374 567 Pars
393 520 530 568 fuerit
549 522 703 583 partus
723 524 822 569 sola
842 524 1012 570 caduca
1032 525 1114 571 tui.

182 583 270 631 Sic
293 586 386 640 tibi,
414 584 567 632 Marte
589 602 672 634 suo
691 587 876 634 fraterni
896 588 1068 635 funeris
1091 589 1224 647 ultor,

252 648 516 712 Purpureus
538 653 681 698 niveis
700 651 819 699 filius
839 654 979 717 instet
999 655 1140 716 equis.
1464 663 1533 710 50

182 712 394 762 Adnuite
414 712 442 761 ὃ
463 711 648 772 timidis,
666 718 903 765 mitissima
924 717 1122 772 humina,
1145 714 1281 770 <rotis-

251 779 513 828 Praesentes
535 782 701 844 aliquid
720 784 864 846 prosit
883 784 1044 832 habere
1069 784 1216 834 Deos.

182 841 389 893 Caesaris
410 846 605 893 adventu
630 846 724 894 tota
745 848 968 909 gladiator
989 849 1125 898 arena

249 907 400 968 Exit3
425 918 472 958 et
492 912 706 959 auxilium
729 929 821 960 non
843 914 947 961 leve
965 916 1120 962 vultus
1141 916 1289 965 habet.

179 973 290 1022 Nos
305 991 485 1037 quoque
500 986 650 1024 vestra
654 979 788 1040 juvet
803 975 938 1059 quod,
961 979 1050 1041 qud
1063 981 1184 1038 licet,
1198 998 1279 1031 ora
1290 983 1522 1034 videmust

250 1038 430 1088 intrata
449 1050 520 1089 est
543 1043 725 1105 Superis
746 1046 866 1104 quod
889 1045 1050 1093 domus
1071 1062 1164 1094 una
1183 1049 1341 1101 tribus.

179 1104 363 1154 Felices
382 1107 461 1160 illi,
484 1108 560 1168 qui
583 1123 675 1155 non
697 1110 946 1164 simulacra,
969 1111 1049 1157 sed
1069 1113 1207 1175 ipsos,

249 1170 437 1232 Quique
458 1171 616 1219 Deum
638 1172 790 1220 coram
813 1189 1002 1236 corpora
1022 1192 1131 1224 vera
1151 1178 1321 1228 vident.

178 1235 325 1292 Quod
347 1238 558 1298 quoniam
580 1240 708 1285 nobis
729 1239 890 1285 invidit
912 1240 1072 1287 inutile
1091 1240 1234 1288 fatum
1252 1260 1269 1301 ς

245 1301 381 1356 Quos
402 1303 524 1349 dedit
544 1318 618 1350 ars
638 1304 771 1358 votis,
794 1303 1080 1364 effigiemque
1102 1305 1218 1353 colo.
1454 1316 1526 1363 60

177 1367 257 1415 Sic
281 1368 486 1414 homines
508 1383 676 1416 novere
699 1368 843 1423 Deos,
866 1382 983 1428 quos
1005 1368 1171 1416 arduus
1193 1372 1334 1419 aether

246 1430 457 1480 Occulit:
486 1441 533 1479 et
555 1434 717 1481 colitur
736 1449 819 1497 pro
840 1432 872 1481 J
878 1449 966 1481 ove
987 1431 1133 1480 forma
1151 1432 1301 1485 Jovis.

174 1497 409 1560 Denique,
434 1515 536 1560 quae
557 1515 737 1547 mecum
760 1507 843 1554 est,
868 1507 914 1546 et
936 1500 1022 1546 erit
1043 1500 1142 1547 sine
1161 1498 1266 1559 fine,
1290 1510 1461 1561 cavete,

243 1562 323 1610 Ne
346 1565 403 1615 sit
424 1565 471 1610 in
489 1565 640 1613 inviso
661 1572 815 1612 vestra
832 1563 981 1628 figura
1000 1564 1119 1612 loeo.
1478 1589 1481 1593 ·

172 1626 304 1675 Nam
326 1636 459 1691 eaput
482 1626 510 1675 ὲ
531 1628 686 1677 nostra
703 1628 833 1677 citius
854 1631 1032 1681 cervice
1049 1629 1242 1687 recedet,

242 1692 313 1740 Et
330 1695 474 1756 patiar
492 1694 627 1742 fossis
646 1696 801 1742 lumen
823 1696 944 1742 abire
964 1696 1118 1757 genis:

176 1755 335 1814 Quam
358 1775 533 1807 caream
556 1761 707 1822 raptis,
730 1757 759 1807 ὃ
780 1761 958 1822 publica
976 1761 1179 1816 numina,
1202 1760 1347 1811 vobis·

243 1823 347 1872 Vos
367 1825 492 1871 eritis
514 1833 683 1873 nostrae
704 1834 861 1887 portus
883 1833 932 1872 et
953 1841 1030 1872 ara
1048 1826 1190 1888 fugae.

173 1887 280 1937 Vos
302 1905 392 1950 ego
414 1891 698 1951 complectar,
719 1891 902 1938 Getieis
926 1893 963 1937 si
985 1892 1144 1953 cingar
1165 1891 1221 1938 ab
1241 1893 1407 1941 armis:

235 1953 433 2016 Vosque
452 1970 576 2002 meas
597 1955 800 2016 Aquilas,
824 1971 908 2002 vos
928 1971 1031 2002 mea
1052 1956 1184 2017 signa
1205 1971 1381 2018 sequar.
1449 1965 1515 2009 70

173 2019 277 2068 Aut
298 2035 389 2081 ege
409 2034 484 2075 me
501 2020 625 2074 fallo,
639 2019 869 2081 ‘nimiaque
890 2021 1097 2084 cupidine
1115 2019 1278 2069 luder:

240 2084 343 2131 Aut
365 2100 465 2146 spes
487 2086 633 2132 exsilii
655 2087 972 2133 commodioris
994 2085 1134 2132 adest.

171 2148 302 2198 Nam
324 2147 474 2196 minus
494 2156 542 2196 et
562 2147 710 2197 minus
733 2158 802 2198 est
821 2150 962 2198 facies
981 2151 1030 2197 in
1050 2150 1250 2213 imagine
1270 2152 1413 2202 tristIs
1424 2171 1442 2213 ς
1478 2159 1485 2163 ’

240 2213 447 2276 Visaque
463 2222 569 2262 sunt
589 2215 721 2262 dictis
741 2216 939 2262 adnuere
959 2231 1040 2263 ora
1059 2216 1187 2263 meis.

169 2278 313 2334 Vera,
334 2294 508 2341 precor,
529 2279 640 2328 fiant
659 2280 830 2328 timidae
849 2281 1073 2344 praesagia
1092 2281 1286 2329 mentis:

233 2344 463 2408 Justaque
481 2346 687 2409 quamvis
706 2351 789 2404 est,
813 2347 876 2395 sit
891 2346 1041 2397 minor
1059 2346 1130 2394 ira
1149 2343 1258 2396 Dei.
