1842 2966
363 156 463 204 256
705 153 761 201 P.
793 151 1027 202 ovmn
1059 152 1363 228 NAsoms

364 282 476 331 Hoc
497 299 607 338 mea,
620 291 835 333 contenta
855 292 927 332 est
946 285 1107 332 infelix
1127 284 1272 333 Musa
1291 286 1498 335 themu-o.

431 349 508 397 Sic
528 352 672 397 merui
689 368 706 408 3
739 352 895 412 magni
918 352 985 397 sie
1005 351 1194 398 voluere
1214 349 1325 398 Dei.
1671 356 1730 400 70

363 410 471 461 Nec
492 430 595 462 reor
614 416 721 462 hinc
742 416 849 462 illuc
870 417 1040 462 nostris
1061 417 1147 464 iter
1168 431 1271 462 esse
1290 416 1475 472 libellis,

432 477 541 535 Quo
562 478 737 528 Boreas
757 478 909 543 pean
930 479 1168 527 deficiente
1189 482 1327 528 venit.

364 543 632 593 Dividimur
654 547 800 603 coelo;
834 561 1027 608 quaeque
1042 553 1114 592 est
1132 546 1290 607 procul
1310 547 1425 593 urbe
1450 546 1671 604 Quirini,

432 610 642 673 Adspicit
662 612 862 658 hirsutos
883 612 1091 657 cominus
1117 610 1239 658 Ursa
1262 611 1427 658 Getas.

367 673 461 723 Per
483 682 660 723 tantum
682 683 832 731 terrae,
852 683 924 724 tot
947 691 1099 738 aquas,
1120 677 1203 723 vix
1223 677 1408 724 credere
1427 679 1625 740 possim

432 739 658 788 Indicium
681 742 815 789 studii
839 742 1117 789 transiluisse
1138 742 1245 787 mei.

368 804 520 870 Finge
540 807 647 869 legi,
671 807 883 867 quodque
903 813 976 853 est
995 807 1209 861 mirabile,
1230 805 1359 868 finge
1378 807 1608 869 piacere:

432 872 681 920 Auctorem
705 868 829 919 certe
850 886 924 917 res
936 874 1071 934 Juvet
1091 873 1178 918 ista
1199 871 1325 917 nihil.

369 934 480 991 Quo
501 939 592 991 tibi,
618 938 655 984 si
678 935 820 983 calida
842 937 1019 998 positus
1039 936 1222 983 laudere
1245 936 1430 997 Syene3

429 1001 529 1049 Aut
551 1001 626 1047 ubi
648 1000 949 1062 Taprobanen
973 1000 1132 1048 Indica
1153 1003 1298 1063 cingit
1317 1001 1478 1063 aqua?
1664 1008 1724 1050 80

368 1063 525 1113 Altius
546 1068 612 1111 ire
634 1065 742 1111 libet
756 1066 779 1110 ἲ
814 1067 851 1112 si
874 1074 923 1113 te
945 1068 1159 1113 distantia
1176 1064 1320 1129 longe

434 1128 673 1176 Pleiadum
695 1130 881 1178 laudent
902 1133 1048 1195 signa,
1070 1131 1181 1193 quid
1201 1132 1307 1177 inde
1324 1130 1448 1179 feras
1465 1132 1497 1177 :³

369 1194 461 1244 Sed
483 1210 631 1256 neque
650 1197 865 1258 pervenio
889 1199 1066 1259 scriptis
1088 1198 1387 1243 mediocribus
1409 1198 1581 1257 istuc;

435 1259 666 1323 Famaque
688 1277 791 1308 cum
815 1263 1000 1309 domino
1020 1261 1142 1325 fugit
1160 1263 1217 1308 ab
1241 1261 1372 1309 Urbe
1394 1278 1503 1308 suo.

368 1324 570 1387 Vosque,
588 1327 748 1388 quibus
762 1329 889 1390 perii,
905 1334 1018 1374 tunc
1030 1325 1134 1374 cum
1149 1342 1251 1373 mea
1260 1326 1385 1375 fama
1397 1330 1597 1389 sepulta
1611 1337 1692 1385 est,

431 1390 580 1439 Nune
595 1407 775 1455 quoque
796 1392 853 1440 de
874 1391 1031 1441 nostrii
1050 1400 1198 1442 morte
1218 1399 1371 1442 tacere
1392 1409 1520 1442 reor.

804 1589 1147 1639 EPISTOLA
1181 1590 1272 1639 VI.
1311 1582 1316 1587 ⁴

907 1737 1159 1771 GBAECINO·

366 1849 566 1904 Eceum
587 1859 639 1899 ut
661 1852 821 1900 audisti
847 1854 976 1917 (nam
998 1859 1047 1900 te
1068 1854 1246 1900 diversa
1259 1853 1448 1899 tenebat

432 1916 600 1977 Terra)
623 1933 751 1965 meos
773 1934 918 1973 casus,
943 1935 1023 1965 cor
1042 1920 1122 1965 tibi
1142 1919 1273 1965 triste
1291 1917 1415 1964 fuit?

365 1982 658 2039 ‘Dissimuleffi
682 1990 947 2045 metuasque
966 1980 1088 2039 licet,
1114 1984 1343 2037 Graecine,
1361 1982 1520 2040 fater-‘5

435 2048 486 2095 si
506 2051 622 2095 bene
643 2056 689 2095 te
710 2050 832 2103 novi,
855 2050 986 2095 triste
1003 2048 1146 2095 fuisse
1164 2048 1321 2109 liquet.

366 2112 479 2160 Non
501 2114 621 2159 cadit
640 2114 688 2157 in
710 2128 859 2159 mores
879 2113 1034 2161 feritas
1054 2113 1303 2160 inamabilis
1321 2112 1467 2170 istos;
1795 2106 1801 2191 ᾗ

433 2177 538 2224 Nec
559 2174 759 2223 minus-a
782 2178 941 2226 studiis
964 2178 1150 2225 dissidet
1172 2178 1249 2224 illa
1269 2177 1373 2223 tuis.

366 2243 557 2291 Artibus
579 2242 803 2302 ingenuis,
827 2258 1015 2302 quarum
1037 2244 1118 2289 tibi
1138 2243 1338 2289 maxima
1358 2253 1594 2302 cura-est,

434 2307 628 2354 Pectora
649 2305 935 2361 mollescunt,
960 2323 1010 2354 as
1068 2309 1269 2367 ritusque
1284 2306 1422 2369 fugit.

369 2369 474 2420 Nee
496 2372 733 2431 quisquam
756 2372 944 2419 meliore
963 2371 995 2418 fi
1026 2389 1053 2419 e
1074 2371 1387 2435 complectitur
1408 2371 1535 2428 illas,

434 2433 541 2488 Quz‘i
563 2436 668 2481 sinit
691 2436 902 2492 officium,
927 2437 1191 2497 militiaeque
1212 2437 1351 2484 labor.
1661 2448 1724 2491 10

372 2497 515 2549 Certe
535 2514 639 2560 ego,
662 2498 765 2548 cum
787 2500 983 2564 primum
1005 2504 1131 2564 potui
1155 2503 1323 2548 sentire
1343 2500 1455 2562 quid
1475 2517 1657 2564 esaan,

431 2563 579 2628 (Nam
600 2563 687 2610 fuit
707 2567 900 2613 attonito
920 2582 1052 2613 mens
1072 2567 1186 2613 mihi
1209 2567 1337 2613 nulla
1356 2564 1459 2627 diu)
1793 2572 1799 2619 Ι

365 2629 476 2679 Hoc
497 2643 676 2691 quoque
698 2628 918 2678 Fortunae
940 2633 1074 2687 sensi,
1096 2627 1218 2692 quod
1238 2632 1411 2678 amicus
1432 2630 1653 2686 abe-ses:

433 2693 529 2750 Qii
549 2693 660 2740 mihi
680 2696 940 2758 praesidium
961 2697 1136 2760 grande
1155 2695 1340 2744 futurus
1358 2708 1475 2744 ens.
