1842 2966
472 163 819 212 TRISTIUM
853 163 958 212 Lm.
982 163 1081 213 111.
1118 168 1159 213 1.
1400 169 1492 216 177

115 293 246 343 Duc
265 311 380 359 age:
410 310 605 358 namque
627 311 812 357 sequor:
851 297 1058 358 quamvis
1074 294 1279 357 terraque
1290 297 1496 358 marique

195 360 494 424 Longinquo
516 362 707 410 referam
728 362 875 409 lassus
897 362 954 408 ab
975 363 1083 407 orbe
1102 361 1276 423 pedem.
1358 397 1368 407 .

122 427 305 474 Paruit
324 445 340 484 ;
375 436 423 474 et
445 427 628 480 dueenS,
658 426 780 473 Haec
803 433 909 473 sunt
934 425 1056 492 Fora
1078 424 1289 482 Caesaris,
1311 428 1490 488 inquitt

202 491 337 539 Haec
360 499 432 539 est
453 490 481 538 ὲ
503 492 653 538 Sacris
673 507 778 552 quae
799 493 874 539 via
896 506 1065 539 nomen
1087 492 1233 537 habet.

126 557 235 603 Hic
258 557 397 604 focus
418 565 488 603 est
509 555 700 613 Vestae3
734 558 813 618 qui
836 556 1026 603 Pallada
1046 563 1196 603 servat
1216 563 1264 602 et
1284 557 1466 618 ignem:

120 667 129 678 ,
205 622 310 669 Hic
330 621 420 668 fuit
440 623 613 683 antiqui
635 622 761 683 regia
779 636 921 684 parva
942 622 1128 669 Numae.
1427 626 1496 669 30

134 687 262 734 Inde
284 695 447 749 petens
470 688 692 743 deXtram,
716 686 856 734 Porta
877 694 961 742 est,
986 688 1061 742 ait,
1085 688 1174 733 ista
1197 685 1373 732 Palatia

210 753 315 799 Hic
340 753 519 799 Stator:
559 753 645 800 hoc
666 750 860 814 primum
883 752 1068 798 condita
1088 751 1246 798 Roma
1265 752 1367 798 loco
1387 758 1475 799 est.

137 817 344 881 Singula
365 819 474 865 dum
495 819 636 864 miror
648 836 664 876 ;
697 819 830 865 video
849 816 1290 879 fulgentibusarmis

191 879 501 945 'Conspicuos
521 890 689 945 postes,
712 890 920 943 tectaque
942 883 1082 944 digna
1103 882 1229 930 Deo.
1429 923 1438 931 .

140 948 226 996 An
239 948 275 998 J
277 950 377 995 ovis
385 950 502 1005 ‚haec,
520 949 627 1005 dixi,
641 949 802 995 domus
818 956 889 995 est
900 948 924 993 :³
958 949 1078 1009 quod
1092 957 1143 995 ut
1159 964 1260 995 esse
1275 955 1496 1010 putarem,

212 1014 476 1077 Augurium
497 1015 640 1060 menti
660 1030 834 1075 querna
854 1030 1023 1061 corona
1045 1015 1191 1061 dabat.
1377 1015 1384 1024 '

147 1077 301 1143 Cujus
323 1081 547 1141 uraccepi
569 1081 814 1135 dominum,
839 1079 951 1126 Non
973 1080 1183 1136 fallimur,
1205 1081 1416 1141 inquam:

212 1145 282 1192 Et
301 1145 456 1207 magni
477 1161 635 1192 verum
657 1153 728 1192 est
749 1147 864 1191 hanc
884 1144 1019 1193 Jovis
1041 1161 1141 1191 esse
1163 1145 1364 1192 domum.

150 1209 252 1260 Cur
274 1216 427 1258 tamen
449 1209 651 1273 adpositi}⁴
670 1211 847 1261 velatur
858 1211 1002 1271 janua
1022 1210 1180 1267 laun-03

217 1274 379 1338 cingit
398 1283 445 1323 et
465 1283 683 1338 augustas
704 1277 835 1323 arbor
857 1290 999 1335 opaca
1017 1274 1172 1322 fores?
1432 1278 1501 1321 40

148 1339 285 1388 Num
306 1342 410 1404 quia
428 1348 671 1405 perpetuos
692 1341 859 1386 meruit
879 1339 1043 1385 domus
1064 1355 1155 1385 una
1175 1336 1465 1401 triumphos?

218 1406 300 1453 An
322 1408 424 1468 quia
447 1405 678 1453 Leucadio
700 1407 879 1467 semper
899 1411 1050 1450 amata
1070 1403 1214 1450 Deo?

156 1469 325 1536 Ipsane
345 1470 466 1534 qudd
484 1472 604 1519 festa
625 1479 707 1527 est,
731 1487 790 1519 an
811 1466 934 1531 qudd
953 1468 1062 1517 facit
1083 1469 1235 1516 omnia
1253 1469 1371 1517 festa
1383 1467 1407 1514 P

224 1538 377 1592 Quam
398 1538 554 1585 tribuit
573 1539 722 1592 terris,
746 1536 882 1583 Pacis
903 1549 961 1583 an
983 1536 1072 1583 ista
1092 1541 1203 1581 nota
1223 1533 1327 1581 est?

153 1602 316 1665 thue
334 1604 453 1650 viret
472 1619 650 1666 semper
668 1603 836 1656 laurus,
861 1616 947 1648 nee
965 1599 1128 1647 fronde
1149 1594 1320 1646 caduca

224 1667 466 1732 Carpitur3
502 1676 723 1716 aeternum
747 1670 813 1715 sic
834 1668 969 1714 habet
989 1667 1069 1714 illa
1090 1666 1228 1713 decus
1241 1664 1266 1709 Ῥ

157 1733 345 1790 Caussa,
369 1735 662 1797 superpositae
685 1735 852 1798 scripto
873 1739 1039 1797 testata
1059 1746 1257 1788 coronae,

223 1800 437 1848 Servatos
458 1800 580 1847 cives
600 1800 769 1847 indicat
789 1800 923 1862 hujus
945 1814 1045 1862 ope.
1149 1822 1155 1830 ·

160 1865 264 1916 Ad‘·
342 1866 530 1913 servatis
552 1881 708 1921 unum,
733 1865 874 1912 Pater
894 1866 1076 1927 optime,
1099 1862 1246 1910 civem
1258 1879 1275 1922 ς

279 1932 322 1978 ui
343 1931 500 1993 procul
521 1938 726 1978 extremo
747 1931 904 1993 pulsus
925 1932 973 1977 in
996 1931 1104 1977 orbe
1115 1929 1255 1990 jacet.
1438 1926 1507 1971 50

162 1994 220 2044 In
243 2011 333 2057 quo
355 2011 606 2058 poenarum,
630 2011 741 2055 quas
765 2011 815 2042 se
834 1996 1054 2042 meruisse
1073 1993 1255 2047 fatetur,
1487 2000 1491 2007 '

227 2060 339 2108 Non
360 2060 535 2109 facinus
556 2075 774 2114 caussam,
799 2060 878 2105 sed
898 2074 1010 2106 suus
1031 2074 1156 2106 error
1177 2058 1324 2105 habet.

163 2127 252 2176 Me
266 2128 493 2180 miserum,
515 2140 766 2185 vereorque
777 2125 943 2180 locum,
967 2121 1246 2185 vener'orque
1256 2127 1504 2186 potentem,

231 2192 298 2240 Et
318 2192 516 2252 quatitur
537 2191 713 2252 trepido
732 2189 866 2237 litera
886 2196 1043 2237 nostra
1061 2197 1201 2235 metu.

164 2258 374 2320 Adspicis
394 2257 615 2318 exsangui
638 2257 838 2302 chartam
859 2255 1026 2316 pallere
1046 2255 1197 2302 colore
1209 2253 1233 2300 ’ἕ

229 2323 438 2385 Adspicis
459 2322 657 2369 alternos
676 2320 964 2368 intremuisse
983 2320 1121 2382 pedes
1133 2319 1157 2364 ’ἓ

167 2388 568 2449 Quandocumque,
590 2402 761 2448 precor,
787 2392 945 2432 nostro
965 2386 1141 2448 placata
1159 2384 1334 2447 parenti

232 2443 381 2503 Isdem
404 2455 487 2500 sub
508 2453 703 2501 dominis
723 2452 969 2514 adspiciare
990 2451 1167 2498 domus.

169 2519 284 2577 Inde
304 2525 459 2569 tenore
480 2518 575 2581 pari
596 2518 809 2581 gradibus
831 2517 1039 2565 sublimia
1057 2515 1190 2562 celsis

232 2583 392 2632 Ducor
413 2585 468 2631 ad
490 2584 660 2632 intonsi
680 2583 871 2630 candida
891 2582 1060 2645 templa
1081 2579 1191 2627 Dei.
1441 2580 1508 2627 60

169 2652 310 2716 Signa
326 2651 575 2713 peregrinis
595 2650 671 2696 ubi
694 2655 803 2695 sunt
822 2649 995 2695 alterna
1014 2646 1238 2695 columnis

233 2715 428 2775 Belides,
451 2723 499 2764 et
519 2715 677 2764 stricto
697 2715 912 2763 barbarus
933 2728 1043 2777 ense
1063 2718 1213 2775 pater:
1305 2768 1312 2775 ·
