1842 2966
599 214 605 223 ’
640 180 995 260 ffius‘num
1028 210 1136 262 Lm.
1158 210 1228 263 11.
1518 220 1613 267 16³

242 343 373 394 Nee
392 343 504 393 mihi
523 357 628 408 pars
649 344 806 392 nocuit
826 344 884 390 de
903 344 1089 407 gurgite
1108 359 1272 407 parvaz
1302 346 1382 395 sed
1403 347 1565 396 onmes

224 424 239 439 ‘
330 409 551 459 Pressere
567 412 656 458 hoc
676 409 858 465 fluctus,
880 409 1182 471 Oceanusque
1202 419 1352 473 caput.

160 474 173 481 ”
257 474 369 527 Cur
389 477 554 539 aliquid
574 474 697 522 vidi?
721 491 802 522 cur
823 476 963 522 noxia
980 474 1155 522 lumina
1172 476 1292 522 feci?

330 539 433 590 Cur
453 541 725 604 imprudenti
746 542 933 602 cognita
954 541 1085 603 culpa
1105 540 1251 587 mihi?

257 605 446 654 Inscius
467 607 668 654 Actaeon
689 606 804 652 vidit
825 607 924 653 sine
944 612 1074 653 veste
1095 605 1297 653 Dianam
1310 624 1325 654 τ

330 671 497 719 Praeda
508 671 598 718 fuit
616 672 802 718 canibus
822 686 914 718 non
935 668 1088 717 minus
1107 671 1186 718 ille
1207 673 1315 720 suis.

262 737 450 786 Scilicet
470 737 518 783 in
542 737 728 798 Superis
751 738 886 784 etiam
907 735 1092 783 fortuna
1110 737 1278 784 luenda
1299 745 1402 797 est3

327 801 434 849 Nec
454 802 650 857 veniam,
669 802 783 848 laeso
804 802 1003 857 numine,
1028 817 1161 849 casus
1183 804 1330 849 habet.

256 866 350 916 Ina
371 872 566 929 namque
586 868 672 922 die,
695 865 785 928 qua
805 882 881 914 me
901 867 1047 914 malus
1069 869 1254 917 abstulit
1274 885 1414 925 error,
1479 900 1484 907 ·
1617 884 1621 888 *

326 931 480 981 Parva
499 933 680 995 quidem
700 934 846 994 periit,
870 933 951 979 sed
973 934 1070 980 sine
1087 933 1204 989 labe,
1227 936 1403 982 domus.
1510 937 1607 982 110

258 1000 341 1049 sic
363 1014 544 1060 quoque
562 1014 703 1062 parva
723 1006 891 1053 tamen,
910 999 1060 1060 patrio
1080 1000 1255 1047 dicatur
1274 1007 1328 1047 ut
1350 1016 1453 1048 aevo

327 1062 479 1119 clara,
502 1079 588 1111 nec
608 1065 743 1110 ullius
765 1065 997 1111 nobilitate
1016 1066 1193 1113 minor:

254 1130 328 1180 Et
345 1145 492 1189 neque
513 1129 696 1184 divitiis,
721 1144 806 1176 nec
825 1137 1093 1192 paupertate
1112 1131 1338 1178 notanda:

325 1193 466 1242 Unde
484 1192 572 1241 fit
559 1209 608 1241 m
630 1201 840 1241 neutrum
861 1195 1206 1255 eonepiciendus
1227 1212 1380 1258 eques.

255 1261 334 1311 sit
353 1275 533 1322 quoque
554 1267 711 1307 nostra
730 1261 892 1309 domus
913 1260 990 1306 vel
1012 1274 1151 1306 censu
1171 1277 1324 1324 parva,
1346 1263 1424 1309 vel
1446 1269 1581 1320 πως

325 1324 522 1388 Ingenio
538 1322 664 1372 certe
680 1340 771 1371 non
792 1326 904 1371 latet
926 1325 1003 1370 illa
1023 1340 1142 1371 meo.

254 1391 369 1447 Quo
390 1391 544 1439 videar
565 1390 774 1451 quamvis
793 1387 985 1436 nimidm
997 1390 1264 1452 juveniliter
1282 1406 1423 1450 usus3

327 1457 513 1507 Grande
534 1463 689 1504 tamen
710 1461 809 1503 toto
830 1470 1000 1502 nomen
1024 1455 1077 1502 ab
1100 1456 1208 1502 orbe
1227 1456 1340 1504 fero.

249 1523 501 1584 Turbaque
521 1524 758 1569 doctorum
782 1515 1021 1568 Nasonem
1044 1522 1187 1575 novit,
1211 1529 1259 1568 et
1273 1522 1408 1570 audet

322 1587 436 1635 Non
454 1587 666 1634 fastiditis
687 1587 983 1633 adnumerare
1001 1587 1126 1633 viris.
1508 1590 1606 1635 120

253 1652 445 1705 Corruit
465 1653 565 1699 haec
586 1653 728 1714 igitur
749 1652 903 1699 Musis
925 1657 1122 1713 accepta,
1146 1652 1227 1698 sub
1244 1667 1350 1708 uno,

238 1741 245 1752 ·
322 1718 416 1766 Sed
436 1733 529 1765 non
552 1718 732 1779 exiguo,
757 1718 947 1764 crimine
965 1717 1093 1780 lapsa
1112 1717 1289 1765 domus.

250 1784 415 1846 Atque
435 1799 491 1830 ea
512 1783 577 1830 sic
598 1783 723 1845 lapsa
744 1790 826 1839 est,
852 1790 903 1830 ut
926 1798 1126 1845 surgere,
1149 1784 1189 1830 si
1209 1781 1347 1831 modd
1367 1782 1468 1834 laesi

319 1848 638 1897 Ematuruerit
661 1847 858 1897 Caesaris
878 1849 959 1903 ira,
981 1855 1130 1910 queat.

248 1913 402 1977 Cujus
422 1915 472 1961 in
493 1921 661 1961 eventu
680 1928 832 1976 poenae
849 1914 1092 1961 clementia
1109 1920 1237 1961 tanta
1256 1920 1340 1970 est,

320 1980 394 2028 Ut
407 1979 546 2027 fuerit
567 1985 724 2027 nostro
744 1979 890 2026 lenior
909 1980 990 2027 illa
1009 1989 1149 2027 metu.

249 2045 369 2095 Vita
389 2046 494 2094 data
514 2053 598 2101 est,
615 2046 817 2107 citraque
838 2061 997 2092 necem
1021 2053 1101 2092 tua
1123 2044 1327 2092 constitit
1346 2044 1428 2103 ita,

212 2119 220 2124 ’
247 2113 255 2121 ’
319 2111 366 2159 Ο
390 2110 621 2173 Princeps,
634 2107 783 2172 'parce
801 2111 973 2158 viribus
994 2126 1076 2158 use
1096 2111 1203 2158 tuis.

249 2176 313 2225 In
429 2192 451 2223 r
474 2177 707 2230 accedunt,
731 2182 779 2223 te
800 2191 895 2222 non
917 2176 1155 2232 adimente,
1177 2182 1381 2239 paternae

246 2246 358 2357 Ne‘e
378 2240 1366 2355 ffissssfflmffifflffifflssssffiff
1308 2257 1431 2305 ⁰⁹³⁸·
1501 2246 1598 2290 ¹³⁰

318 2372 424 2421 Nec
439 2388 544 2420 mea
565 2373 734 2420 selecto
745 2373 933 2435 judice
912 2388 1045 2435 jussa
1055 2372 1170 2435 fuga
1189 2379 1273 2419 est.
1316 2377 1322 2384 ’

246 2437 479 2487 Tristibus
499 2439 707 2485 invectus
727 2439 876 2485 verbis
901 2438 989 2502 (ita
1008 2437 1222 2500 Principe
1243 2435 1456 2501 dignum)

320 2503 463 2553 Ultus
486 2519 536 2551 es
559 2503 766 2558 offensas,
790 2511 841 2550 ut
861 2504 1005 2558 decet,
1027 2504 1125 2565 ipse
1140 2510 1258 2549 tuas.

247 2569 400 2626 Adde,
423 2566 547 2631 qudd
567 2569 779 2623 edictum,
795 2568 1002 2631 quamvis
1022 2569 1220 2615 immane
1240 2567 1496 2630 minaxque,

316 2637 541 2685 Attamen
562 2636 612 2682 in
632 2650 786 2697 poenae
807 2634 993 2682 nomine
1012 2633 1115 2681 lene
1135 2633 1235 2681 fuit.

250 2702 441 2765 Quippe
462 2701 704 2764 relegatus,
727 2716 822 2748 non
844 2701 988 2756 exsul,
1012 2700 1137 2747 dicor
1152 2701 1200 2747 in
1222 2698 1327 2745 illo:

316 2765 556 2831 Parcaque
574 2765 775 2818 fortunae
795 2773 903 2827 sunt
923 2765 1028 2815 data
1046 2766 1184 2816 verba
1203 2777 1338 2812 meae.
