<?xml version="1.0" encoding="UTF-8"?>
<!DOCTYPE html PUBLIC "-//W3C//DTD XHTML 1.0 Transitional//EN"
    "http://www.w3.org/TR/xhtml1/DTD/xhtml1-transitional.dtd">
<html xmlns="http://www.w3.org/1999/xhtml" xml:lang="en" lang="en">
 <head>
  <title>
</title>
<meta http-equiv="Content-Type" content="text/html;charset=utf-8" />
  <meta name='ocr-system' content='tesseract 3.04.00' />
  <meta name='ocr-capabilities' content='ocr_page ocr_carea ocr_par ocr_line ocrx_word'/>
</head>
<body>
  <div class='ocr_page' id='page_1' title='image "./povidiinasoniso01caregoog_0233.png"; bbox 0 0 1842 2966; ppageno 0'>
   <div class='ocr_carea' id='block_1_1' title="bbox 518 221 1518 290">
    <p class='ocr_par' dir='ltr' id='par_1_1' title="bbox 518 221 1518 290">
     <span class='ocr_line' id='line_1_1' title="bbox 518 221 1518 290; baseline 0.006 -6"><span class='ocrx_word' id='word_1_1' title='bbox 518 231 865 285; x_wconf 71' lang='lat' dir='ltr'>&#39;ramnum</span> <span class='ocrx_word' id='word_1_2' title='bbox 898 233 1005 285; x_wconf 70' lang='lat' dir='ltr'>Lu„</span> <span class='ocrx_word' id='word_1_3' title='bbox 1026 235 1089 285; x_wconf 86' lang='lat' dir='ltr'>v.</span> <span class='ocrx_word' id='word_1_4' title='bbox 1121 243 1170 287; x_wconf 80' lang='lat'>3.</span> <span class='ocrx_word' id='word_1_5' title='bbox 1416 221 1518 290; x_wconf 72' lang='lat' dir='ltr'><strong><em>m</em></strong></span> 
     </span>
    </p>
   </div>
   <div class='ocr_carea' id='block_1_2' title="bbox 156 366 1537 1933">
    <p class='ocr_par' dir='ltr' id='par_1_2' title="bbox 156 366 1535 1933">
     <span class='ocr_line' id='line_1_2' title="bbox 168 366 1387 431; baseline 0.002 -14"><span class='ocrx_word' id='word_1_6' title='bbox 168 369 261 417; x_wconf 85' lang='lat' dir='ltr'>Ira</span> <span class='ocrx_word' id='word_1_7' title='bbox 280 366 463 430; x_wconf 85' lang='lat' dir='ltr'>quidem</span> <span class='ocrx_word' id='word_1_8' title='bbox 483 368 716 415; x_wconf 83' lang='lat' dir='ltr'>moderata</span> <span class='ocrx_word' id='word_1_9' title='bbox 736 374 814 415; x_wconf 78' lang='lat' dir='ltr'>tua</span> <span class='ocrx_word' id='word_1_10' title='bbox 834 374 932 426; x_wconf 59' lang='grc' dir='ltr'>θεὶς</span> <span class='ocrx_word' id='word_1_11' title='bbox 956 369 1183 431; x_wconf 85' lang='lat' dir='ltr'>vitamque</span> <span class='ocrx_word' id='word_1_12' title='bbox 1204 368 1387 420; x_wconf 73' lang='lat' dir='ltr'>dedistiz</span> 
     </span>
     <span class='ocr_line' id='line_1_3' title="bbox 248 432 1315 495; baseline 0.002 -14"><span class='ocrx_word' id='word_1_13' title='bbox 248 432 355 481; x_wconf 84' lang='lat' dir='ltr'>Nec</span> <span class='ocrx_word' id='word_1_14' title='bbox 376 432 487 479; x_wconf 86' lang='lat' dir='ltr'>mihi</span> <span class='ocrx_word' id='word_1_15' title='bbox 502 434 580 495; x_wconf 83' lang='lat' dir='ltr'>jus</span> <span class='ocrx_word' id='word_1_16' title='bbox 602 434 727 488; x_wconf 83' lang='lat' dir='ltr'>civis,</span> <span class='ocrx_word' id='word_1_17' title='bbox 749 448 836 480; x_wconf 91' lang='lat' dir='ltr'>nec</span> <span class='ocrx_word' id='word_1_18' title='bbox 857 435 968 480; x_wconf 85' lang='lat' dir='ltr'>mihi</span> <span class='ocrx_word' id='word_1_19' title='bbox 984 449 1152 482; x_wconf 87' lang='lat' dir='ltr'>nomen</span> <span class='ocrx_word' id='word_1_20' title='bbox 1176 436 1315 483; x_wconf 79' lang='lat' dir='ltr'>abest.</span> 
     </span>
     <span class='ocr_line' id='line_1_4' title="bbox 171 498 1366 549; baseline 0 -1"><span class='ocrx_word' id='word_1_21' title='bbox 171 498 290 548; x_wconf 87' lang='lat' dir='ltr'>Nec</span> <span class='ocrx_word' id='word_1_22' title='bbox 312 513 416 546; x_wconf 85' lang='lat' dir='ltr'>mea</span> <span class='ocrx_word' id='word_1_23' title='bbox 435 511 652 545; x_wconf 82' lang='lat' dir='ltr'>concessa</span> <span class='ocrx_word' id='word_1_24' title='bbox 676 505 746 545; x_wconf 77' lang='lat' dir='ltr'>est</span> <span class='ocrx_word' id='word_1_25' title='bbox 770 498 867 545; x_wconf 85' lang='lat' dir='ltr'>aliis</span> <span class='ocrx_word' id='word_1_26' title='bbox 888 498 1100 546; x_wconf 69' lang='lat' dir='ltr'>fortunat</span> <span class='ocrx_word' id='word_1_27' title='bbox 1129 515 1213 547; x_wconf 89' lang='lat' dir='ltr'>nec</span> <span class='ocrx_word' id='word_1_28' title='bbox 1234 502 1366 549; x_wconf 75' lang='lat' dir='ltr'>exsul</span> 
     </span>
     <span class='ocr_line' id='line_1_5' title="bbox 251 562 1027 627; baseline 0.003 -18"><span class='ocrx_word' id='word_1_29' title='bbox 251 562 406 610; x_wconf 85' lang='lat' dir='ltr'>Edicti</span> <span class='ocrx_word' id='word_1_30' title='bbox 429 564 576 609; x_wconf 81' lang='lat' dir='ltr'>verbis</span> <span class='ocrx_word' id='word_1_31' title='bbox 599 564 808 610; x_wconf 88' lang='lat' dir='ltr'>nominor</span> <span class='ocrx_word' id='word_1_32' title='bbox 828 565 925 627; x_wconf 87' lang='lat' dir='ltr'>ipse</span> <span class='ocrx_word' id='word_1_33' title='bbox 945 565 1027 611; x_wconf 87' lang='lat' dir='ltr'>tui.</span> 
     </span>
     <span class='ocr_line' id='line_1_6' title="bbox 174 628 1438 690; baseline 0.002 -14"><span class='ocrx_word' id='word_1_34' title='bbox 174 628 444 690; x_wconf 78' lang='lat' dir='ltr'><strong>Omniaque</strong></span> <span class='ocrx_word' id='word_1_35' title='bbox 463 630 564 675; x_wconf 78' lang='lat' dir='ltr'>haec</span> <span class='ocrx_word' id='word_1_36' title='bbox 578 628 722 684; x_wconf 82' lang='lat' dir='ltr'>timui,</span> <span class='ocrx_word' id='word_1_37' title='bbox 745 629 850 690; x_wconf 85' lang='lat' dir='ltr'>quia</span> <span class='ocrx_word' id='word_1_38' title='bbox 870 644 946 675; x_wconf 88' lang='lat' dir='ltr'>me</span> <span class='ocrx_word' id='word_1_39' title='bbox 966 629 1185 678; x_wconf 76' lang='lat' dir='ltr'>meruisse</span> <span class='ocrx_word' id='word_1_40' title='bbox 1205 631 1438 679; x_wconf 75' lang='lat' dir='ltr'>videbam-t</span> 
     </span>
     <span class='ocr_line' id='line_1_7' title="bbox 251 694 1527 755; baseline 0.004 -14"><span class='ocrx_word' id='word_1_41' title='bbox 251 694 345 741; x_wconf 85' lang='lat' dir='ltr'>Sed</span> <span class='ocrx_word' id='word_1_42' title='bbox 366 701 443 740; x_wconf 87' lang='lat' dir='ltr'>tua</span> <span class='ocrx_word' id='word_1_43' title='bbox 464 701 650 755; x_wconf 87' lang='lat' dir='ltr'>peccato</span> <span class='ocrx_word' id='word_1_44' title='bbox 668 694 815 740; x_wconf 86' lang='lat' dir='ltr'>lenior</span> <span class='ocrx_word' id='word_1_45' title='bbox 835 695 902 740; x_wconf 87' lang='lat' dir='ltr'>ira</span> <span class='ocrx_word' id='word_1_46' title='bbox 923 710 1026 740; x_wconf 93' lang='lat' dir='ltr'>meo</span> <span class='ocrx_word' id='word_1_47' title='bbox 1049 701 1134 741; x_wconf 81' lang='lat' dir='ltr'>est.</span> <span class='ocrx_word' id='word_1_48' title='bbox 1459 702 1527 746; x_wconf 89' lang='grc'>60</span> 
     </span>
     <span class='ocr_line' id='line_1_8' title="bbox 176 757 1115 822; baseline -0.002 -14"><span class='ocrx_word' id='word_1_49' title='bbox 176 759 319 808; x_wconf 86' lang='lat' dir='ltr'>Arva</span> <span class='ocrx_word' id='word_1_50' title='bbox 341 759 588 820; x_wconf 83' lang='lat' dir='ltr'>relegatum</span> <span class='ocrx_word' id='word_1_51' title='bbox 601 759 777 822; x_wconf 72' lang='lat' dir='ltr'>Jussisti</span> <span class='ocrx_word' id='word_1_52' title='bbox 799 760 947 805; x_wconf 80' lang='lat' dir='ltr'>visere</span> <span class='ocrx_word' id='word_1_53' title='bbox 966 757 1115 816; x_wconf 79' lang='lat' dir='ltr'>Ponti,</span> 
     </span>
     <span class='ocr_line' id='line_1_9' title="bbox 252 822 1384 902; baseline 0.003 -31"><span class='ocrx_word' id='word_1_54' title='bbox 252 823 322 871; x_wconf 66' lang='lat' dir='ltr'>Et</span> <span class='ocrx_word' id='word_1_55' title='bbox 345 824 607 884; x_wconf 87' lang='lat' dir='ltr'>Scythicum</span> <span class='ocrx_word' id='word_1_56' title='bbox 630 822 824 887; x_wconf 84' lang='lat' dir='ltr'>profuga</span> <span class='ocrx_word' id='word_1_57' title='bbox 842 823 1014 874; x_wconf 87' lang='lat' dir='ltr'>findere</span> <span class='ocrx_word' id='word_1_58' title='bbox 1032 840 1181 902; x_wconf 85' lang='lat' dir='ltr'>puppe</span> <span class='ocrx_word' id='word_1_59' title='bbox 1199 825 1384 874; x_wconf 85' lang='lat' dir='ltr'>fretum.</span> 
     </span>
     <span class='ocr_line' id='line_1_10' title="bbox 175 888 1142 941; baseline 0.001 -4"><span class='ocrx_word' id='word_1_60' title='bbox 175 890 216 941; x_wconf 86' lang='lat' dir='ltr'>J</span> <span class='ocrx_word' id='word_1_61' title='bbox 217 904 356 937; x_wconf 78' lang='lat' dir='ltr'><strong>ussus</strong></span> <span class='ocrx_word' id='word_1_62' title='bbox 377 889 434 935; x_wconf 83' lang='lat' dir='ltr'>ad</span> <span class='ocrx_word' id='word_1_63' title='bbox 456 888 628 936; x_wconf 83' lang='lat' dir='ltr'>Euxini</span> <span class='ocrx_word' id='word_1_64' title='bbox 652 888 868 936; x_wconf 83' lang='lat' dir='ltr'>deformia</span> <span class='ocrx_word' id='word_1_65' title='bbox 882 890 1017 937; x_wconf 84' lang='lat' dir='ltr'>litora</span> <span class='ocrx_word' id='word_1_66' title='bbox 1036 892 1142 938; x_wconf 86' lang='lat' dir='ltr'>veni</span> 
     </span>
     <span class='ocr_line' id='line_1_11' title="bbox 252 949 1332 1019; baseline 0.004 -18"><span class='ocrx_word' id='word_1_67' title='bbox 252 949 501 1014; x_wconf 82' lang='lat' dir='ltr'>AEquoris.</span> <span class='ocrx_word' id='word_1_68' title='bbox 532 953 655 1000; x_wconf 87' lang='lat' dir='ltr'>Haec</span> <span class='ocrx_word' id='word_1_69' title='bbox 676 954 829 1016; x_wconf 84' lang='lat' dir='ltr'>gelido</span> <span class='ocrx_word' id='word_1_70' title='bbox 849 962 971 1002; x_wconf 83' lang='lat' dir='ltr'>terra</span> <span class='ocrx_word' id='word_1_71' title='bbox 992 957 1074 1003; x_wconf 81' lang='lat' dir='ltr'>sub</span> <span class='ocrx_word' id='word_1_72' title='bbox 1095 971 1181 1004; x_wconf 86' lang='lat' dir='ltr'>axe</span> <span class='ocrx_word' id='word_1_73' title='bbox 1192 956 1332 1019; x_wconf 83' lang='lat' dir='ltr'>jacet.</span> 
     </span>
     <span class='ocr_line' id='line_1_12' title="bbox 181 1018 1481 1084; baseline 0.002 -16"><span class='ocrx_word' id='word_1_74' title='bbox 181 1018 295 1068; x_wconf 86' lang='lat' dir='ltr'>Nec</span> <span class='ocrx_word' id='word_1_75' title='bbox 317 1034 393 1064; x_wconf 89' lang='lat' dir='ltr'>me</span> <span class='ocrx_word' id='word_1_76' title='bbox 415 1026 507 1065; x_wconf 83' lang='lat' dir='ltr'>tam</span> <span class='ocrx_word' id='word_1_77' title='bbox 529 1020 700 1066; x_wconf 88' lang='lat' dir='ltr'>cruciat</span> <span class='ocrx_word' id='word_1_78' title='bbox 720 1034 965 1082; x_wconf 81' lang='lat' dir='ltr'><strong>numquam</strong></span> <span class='ocrx_word' id='word_1_79' title='bbox 990 1022 1087 1068; x_wconf 81' lang='lat' dir='ltr'>sine</span> <span class='ocrx_word' id='word_1_80' title='bbox 1105 1021 1279 1084; x_wconf 82' lang='lat' dir='ltr'>frigore</span> <span class='ocrx_word' id='word_1_81' title='bbox 1300 1022 1481 1079; x_wconf 68' lang='lat' dir='ltr'>melum,</span> 
     </span>
     <span class='ocr_line' id='line_1_13' title="bbox 256 1084 1226 1149; baseline 0.002 -17"><span class='ocrx_word' id='word_1_82' title='bbox 256 1084 494 1145; x_wconf 85' lang='lat' dir='ltr'>Glebaque</span> <span class='ocrx_word' id='word_1_83' title='bbox 514 1085 692 1131; x_wconf 85' lang='lat' dir='ltr'>canenti</span> <span class='ocrx_word' id='word_1_84' title='bbox 715 1100 892 1147; x_wconf 81' lang='lat' dir='ltr'>semper</span> <span class='ocrx_word' id='word_1_85' title='bbox 912 1087 1072 1134; x_wconf 82' lang='lat' dir='ltr'>obusta</span> <span class='ocrx_word' id='word_1_86' title='bbox 1092 1088 1226 1149; x_wconf 80' lang='lat' dir='ltr'>gelu3</span> 
     </span>
     <span class='ocr_line' id='line_1_14' title="bbox 182 1148 1441 1215; baseline 0.003 -18"><span class='ocrx_word' id='word_1_87' title='bbox 182 1149 450 1210; x_wconf 82' lang='lat' dir='ltr'>Nesciaque</span> <span class='ocrx_word' id='word_1_88' title='bbox 469 1156 540 1197; x_wconf 80' lang='lat' dir='ltr'>est</span> <span class='ocrx_word' id='word_1_89' title='bbox 560 1150 686 1197; x_wconf 77' lang='lat' dir='ltr'>vocis</span> <span class='ocrx_word' id='word_1_90' title='bbox 707 1148 826 1210; x_wconf 75' lang='lat' dir='ltr'>quod</span> <span class='ocrx_word' id='word_1_91' title='bbox 845 1151 1033 1198; x_wconf 80' lang='lat' dir='ltr'>barbara</span> <span class='ocrx_word' id='word_1_92' title='bbox 1050 1152 1207 1215; x_wconf 85' lang='lat' dir='ltr'>lingua</span> <span class='ocrx_word' id='word_1_93' title='bbox 1229 1150 1441 1212; x_wconf 84' lang='lat' dir='ltr'>Latinae;</span> 
     </span>
     <span class='ocr_line' id='line_1_15' title="bbox 156 1212 1318 1295; baseline 0.002 -34"><span class='ocrx_word' id='word_1_94' title='bbox 156 1273 165 1277; x_wconf 85' lang='lat'>-</span> <span class='ocrx_word' id='word_1_95' title='bbox 256 1215 487 1295; x_wconf 83' lang='lat' dir='ltr'>Grajaque</span> <span class='ocrx_word' id='word_1_96' title='bbox 506 1212 628 1277; x_wconf 72' lang='lat' dir='ltr'>quod</span> <span class='ocrx_word' id='word_1_97' title='bbox 651 1214 816 1263; x_wconf 85' lang='lat' dir='ltr'>Getico</span> <span class='ocrx_word' id='word_1_98' title='bbox 837 1217 960 1263; x_wconf 81' lang='lat' dir='ltr'>victa</span> <span class='ocrx_word' id='word_1_99' title='bbox 980 1217 1160 1277; x_wconf 77' lang='lat' dir='ltr'><strong>loquela</strong></span> <span class='ocrx_word' id='word_1_100' title='bbox 1181 1232 1318 1276; x_wconf 79' lang='lat' dir='ltr'>sono3</span> 
     </span>
     <span class='ocr_line' id='line_1_16' title="bbox 187 1278 1532 1343; baseline 0.003 -17"><span class='ocrx_word' id='word_1_101' title='bbox 187 1278 348 1335; x_wconf 82' lang='lat' dir='ltr'>Quam</span> <span class='ocrx_word' id='word_1_102' title='bbox 370 1278 492 1340; x_wconf 90' lang='lat' dir='ltr'>quod</span> <span class='ocrx_word' id='word_1_103' title='bbox 515 1280 705 1327; x_wconf 81' lang='lat' dir='ltr'>finitimo</span> <span class='ocrx_word' id='word_1_104' title='bbox 728 1280 904 1327; x_wconf 81' lang='lat' dir='ltr'>cinctus</span> <span class='ocrx_word' id='word_1_105' title='bbox 924 1295 1106 1343; x_wconf 88' lang='lat' dir='ltr'>premor</span> <span class='ocrx_word' id='word_1_106' title='bbox 1127 1282 1324 1343; x_wconf 88' lang='lat' dir='ltr'>undique</span> <span class='ocrx_word' id='word_1_107' title='bbox 1346 1282 1532 1341; x_wconf 82' lang='lat' dir='ltr'>Marte3</span> 
     </span>
     <span class='ocr_line' id='line_1_17' title="bbox 256 1344 1534 1407; baseline 0.003 -16"><span class='ocrx_word' id='word_1_108' title='bbox 256 1344 442 1407; x_wconf 82' lang='lat' dir='ltr'>Vixque</span> <span class='ocrx_word' id='word_1_109' title='bbox 456 1346 605 1392; x_wconf 85' lang='lat' dir='ltr'>brevis</span> <span class='ocrx_word' id='word_1_110' title='bbox 625 1351 774 1391; x_wconf 82' lang='lat' dir='ltr'><strong>tutum</strong></span> <span class='ocrx_word' id='word_1_111' title='bbox 797 1359 955 1391; x_wconf 81' lang='lat' dir='ltr'>murus</span> <span class='ocrx_word' id='word_1_112' title='bbox 978 1346 1032 1391; x_wconf 85' lang='lat' dir='ltr'>ab</span> <span class='ocrx_word' id='word_1_113' title='bbox 1054 1347 1187 1392; x_wconf 77' lang='lat' dir='ltr'>hoste</span> <span class='ocrx_word' id='word_1_114' title='bbox 1205 1346 1330 1394; x_wconf 81' lang='lat' dir='ltr'>facit.</span> <span class='ocrx_word' id='word_1_115' title='bbox 1469 1352 1534 1398; x_wconf 89' lang='grc'>70</span> 
     </span>
     <span class='ocr_line' id='line_1_18' title="bbox 186 1409 1433 1473; baseline 0.002 -15"><span class='ocrx_word' id='word_1_116' title='bbox 186 1409 296 1458; x_wconf 87' lang='lat' dir='ltr'>Pax</span> <span class='ocrx_word' id='word_1_117' title='bbox 317 1417 469 1457; x_wconf 87' lang='lat' dir='ltr'>tamen</span> <span class='ocrx_word' id='word_1_118' title='bbox 490 1410 727 1465; x_wconf 83' lang='lat' dir='ltr'>interdum,</span> <span class='ocrx_word' id='word_1_119' title='bbox 749 1411 873 1473; x_wconf 80' lang='lat' dir='ltr'>pacis</span> <span class='ocrx_word' id='word_1_120' title='bbox 893 1409 1057 1457; x_wconf 78' lang='lat' dir='ltr'>fiducia</span> <span class='ocrx_word' id='word_1_121' title='bbox 1076 1425 1324 1473; x_wconf 72' lang='lat' dir='ltr'>numquam</span> <span class='ocrx_word' id='word_1_122' title='bbox 1345 1419 1433 1460; x_wconf 72' lang='lat' dir='ltr'>est·</span> 
     </span>
     <span class='ocr_line' id='line_1_19' title="bbox 257 1475 1399 1540; baseline 0.001 -17"><span class='ocrx_word' id='word_1_123' title='bbox 257 1476 335 1524; x_wconf 87' lang='lat' dir='ltr'>Sic</span> <span class='ocrx_word' id='word_1_124' title='bbox 357 1492 479 1524; x_wconf 89' lang='lat' dir='ltr'>nunc</span> <span class='ocrx_word' id='word_1_125' title='bbox 501 1476 573 1523; x_wconf 89' lang='lat' dir='ltr'>hic</span> <span class='ocrx_word' id='word_1_126' title='bbox 593 1476 795 1540; x_wconf 84' lang='lat' dir='ltr'>patitur,</span> <span class='ocrx_word' id='word_1_127' title='bbox 784 1493 919 1524; x_wconf 90' lang='lat' dir='ltr'>nunc</span> <span class='ocrx_word' id='word_1_128' title='bbox 942 1477 1073 1523; x_wconf 87' lang='lat' dir='ltr'>timet</span> <span class='ocrx_word' id='word_1_129' title='bbox 1094 1491 1230 1532; x_wconf 86' lang='lat' dir='ltr'>arma,</span> <span class='ocrx_word' id='word_1_130' title='bbox 1253 1475 1399 1524; x_wconf 80' lang='lat' dir='ltr'>locus.</span> 
     </span>
     <span class='ocr_line' id='line_1_20' title="bbox 191 1539 1455 1605; baseline -0.002 -14"><span class='ocrx_word' id='word_1_131' title='bbox 191 1542 328 1591; x_wconf 87' lang='lat' dir='ltr'>Hinc</span> <span class='ocrx_word' id='word_1_132' title='bbox 349 1558 438 1605; x_wconf 84' lang='lat' dir='ltr'>ego</span> <span class='ocrx_word' id='word_1_133' title='bbox 459 1542 567 1589; x_wconf 86' lang='lat' dir='ltr'>dum</span> <span class='ocrx_word' id='word_1_134' title='bbox 589 1550 750 1597; x_wconf 87' lang='lat' dir='ltr'>muter,</span> <span class='ocrx_word' id='word_1_135' title='bbox 772 1543 847 1589; x_wconf 79' lang='lat' dir='ltr'>vel</span> <span class='ocrx_word' id='word_1_136' title='bbox 866 1558 943 1589; x_wconf 86' lang='lat' dir='ltr'>me</span> <span class='ocrx_word' id='word_1_137' title='bbox 964 1541 1178 1589; x_wconf 71' lang='lat' dir='ltr'>Zanclaea</span> <span class='ocrx_word' id='word_1_138' title='bbox 1199 1539 1455 1603; x_wconf 74' lang='lat' dir='ltr'>Charybdis</span> 
     </span>
     <span class='ocr_line' id='line_1_21' title="bbox 236 1606 1335 1670; baseline -0.002 -14.96"><span class='ocrx_word' id='word_1_139' title='bbox 236 1606 524 1662; x_wconf 84' lang='lat' dir='ltr'>&#39;‘Devoret,</span> <span class='ocrx_word' id='word_1_140' title='bbox 506 1623 622 1668; x_wconf 86' lang='lat' dir='ltr'>aque</span> <span class='ocrx_word' id='word_1_141' title='bbox 642 1608 737 1654; x_wconf 78' lang='lat' dir='ltr'>suis</span> <span class='ocrx_word' id='word_1_142' title='bbox 759 1608 816 1654; x_wconf 85' lang='lat' dir='ltr'>ad</span> <span class='ocrx_word' id='word_1_143' title='bbox 839 1607 989 1670; x_wconf 83' lang='lat' dir='ltr'>Styga</span> <span class='ocrx_word' id='word_1_144' title='bbox 1008 1609 1160 1655; x_wconf 83' lang='lat' dir='ltr'>mittat</span> <span class='ocrx_word' id='word_1_145' title='bbox 1180 1608 1335 1668; x_wconf 72' lang='lat' dir='ltr'>aquis.</span> 
     </span>
     <span class='ocr_line' id='line_1_22' title="bbox 192 1671 1337 1735; baseline -0.001 -15"><span class='ocrx_word' id='word_1_146' title='bbox 192 1672 293 1720; x_wconf 90' lang='lat' dir='ltr'>Vel</span> <span class='ocrx_word' id='word_1_147' title='bbox 315 1688 394 1735; x_wconf 86' lang='lat' dir='ltr'>rap</span> <span class='ocrx_word' id='word_1_148' title='bbox 395 1673 482 1720; x_wconf 81' lang='lat' dir='ltr'>idae</span> <span class='ocrx_word' id='word_1_149' title='bbox 501 1671 697 1719; x_wconf 79' lang='lat' dir='ltr'>flammis</span> <span class='ocrx_word' id='word_1_150' title='bbox 717 1688 822 1720; x_wconf 85' lang='lat' dir='ltr'>urar</span> <span class='ocrx_word' id='word_1_151' title='bbox 839 1674 1063 1735; x_wconf 81' lang='lat' dir='ltr'>patienter</span> <span class='ocrx_word' id='word_1_152' title='bbox 1082 1673 1130 1719; x_wconf 89' lang='lat' dir='ltr'>in</span> <span class='ocrx_word' id='word_1_153' title='bbox 1153 1671 1337 1720; x_wconf 84' lang='lat' dir='ltr'><strong>AEtnae·</strong></span> 
     </span>
     <span class='ocr_line' id='line_1_23' title="bbox 259 1736 1213 1786; baseline 0 -2"><span class='ocrx_word' id='word_1_154' title='bbox 259 1736 355 1785; x_wconf 91' lang='lat' dir='ltr'>Vel</span> <span class='ocrx_word' id='word_1_155' title='bbox 374 1738 491 1785; x_wconf 84' lang='lat' dir='ltr'>freta</span> <span class='ocrx_word' id='word_1_156' title='bbox 512 1736 729 1785; x_wconf 86' lang='lat' dir='ltr'>Leucadii</span> <span class='ocrx_word' id='word_1_157' title='bbox 750 1738 904 1784; x_wconf 77' lang='lat' dir='ltr'>mittar</span> <span class='ocrx_word' id='word_1_158' title='bbox 925 1740 972 1784; x_wconf 89' lang='lat' dir='ltr'>in</span> <span class='ocrx_word' id='word_1_159' title='bbox 995 1738 1086 1786; x_wconf 86' lang='lat' dir='ltr'>alta</span> <span class='ocrx_word' id='word_1_160' title='bbox 1101 1737 1213 1785; x_wconf 88' lang='lat' dir='ltr'>Dei.</span> 
     </span>
     <span class='ocr_line' id='line_1_24' title="bbox 190 1802 1535 1867; baseline 0.001 -17"><span class='ocrx_word' id='word_1_161' title='bbox 190 1802 336 1860; x_wconf 79' lang='lat' dir='ltr'>Quod</span> <span class='ocrx_word' id='word_1_162' title='bbox 356 1804 553 1867; x_wconf 60' lang='lat' dir='ltr'>petitum</span> <span class='ocrx_word' id='word_1_163' title='bbox 575 1817 714 1865; x_wconf 85' lang='lat' dir='ltr'>poena</span> <span class='ocrx_word' id='word_1_164' title='bbox 733 1810 824 1850; x_wconf 80' lang='lat' dir='ltr'>est.</span> <span class='ocrx_word' id='word_1_165' title='bbox 871 1818 1020 1864; x_wconf 88' lang='lat' dir='ltr'>neque</span> <span class='ocrx_word' id='word_1_166' title='bbox 1040 1804 1162 1850; x_wconf 88' lang='lat' dir='ltr'>enim</span> <span class='ocrx_word' id='word_1_167' title='bbox 1183 1803 1321 1850; x_wconf 72' lang='lat' dir='ltr'>miser</span> <span class='ocrx_word' id='word_1_168' title='bbox 1341 1816 1442 1851; x_wconf 76' lang='lat' dir='ltr'>esse</span> <span class='ocrx_word' id='word_1_169' title='bbox 1461 1818 1535 1852; x_wconf 90' lang='lat' dir='ltr'>re-</span> 
     </span>
     <span class='ocr_line' id='line_1_25' title="bbox 259 1865 1537 1933; baseline 0.001 -17"><span class='ocrx_word' id='word_1_170' title='bbox 259 1868 354 1916; x_wconf 86' lang='lat' dir='ltr'>Sed</span> <span class='ocrx_word' id='word_1_171' title='bbox 373 1883 544 1932; x_wconf 85' lang='lat' dir='ltr'>precor,</span> <span class='ocrx_word' id='word_1_172' title='bbox 569 1875 621 1914; x_wconf 87' lang='lat' dir='ltr'>ut</span> <span class='ocrx_word' id='word_1_173' title='bbox 640 1868 810 1930; x_wconf 77' lang='lat' dir='ltr'>possim</span> <span class='ocrx_word' id='word_1_174' title='bbox 833 1865 976 1918; x_wconf 67' lang='lat' dir='ltr'>tutius</span> <span class='ocrx_word' id='word_1_175' title='bbox 998 1882 1099 1918; x_wconf 70' lang='lat' dir='ltr'>esse</span> <span class='ocrx_word' id='word_1_176' title='bbox 1119 1868 1271 1918; x_wconf 73' lang='lat' dir='ltr'>miser·</span> <span class='ocrx_word' id='word_1_177' title='bbox 1376 1865 1537 1933; x_wconf 72' lang='lat' dir='ltr'>[cuso5</span> 
     </span>
    </p>
   </div>
   <div class='ocr_carea' id='block_1_3' title="bbox 660 2062 1065 2114">
    <p class='ocr_par' dir='ltr' id='par_1_3' title="bbox 660 2062 1065 2114">
     <span class='ocr_line' id='line_1_26' title="bbox 660 2062 1065 2114; baseline 0 -2"><span class='ocrx_word' id='word_1_178' title='bbox 660 2062 933 2114; x_wconf 84' lang='lat' dir='ltr'><strong>ELEGIA</strong></span> <span class='ocrx_word' id='word_1_179' title='bbox 967 2064 1065 2113; x_wconf 86' lang='grc' dir='ltr'><strong>ΙΙΙ.</strong></span> 
     </span>
    </p>
   </div>
   <div class='ocr_carea' id='block_1_4' title="bbox 189 2192 1544 2844">
    <p class='ocr_par' dir='ltr' id='par_1_4' title="bbox 189 2192 1544 2844">
     <span class='ocr_line' id='line_1_27' title="bbox 194 2192 1278 2259; baseline 0.002 -16"><span class='ocrx_word' id='word_1_180' title='bbox 194 2192 325 2243; x_wconf 73' lang='lat' dir='ltr'>Im</span> <span class='ocrx_word' id='word_1_181' title='bbox 348 2193 444 2241; x_wconf 73' lang='lat' dir='ltr'>dies</span> <span class='ocrx_word' id='word_1_182' title='bbox 464 2194 565 2242; x_wconf 83' lang='lat' dir='ltr'>haec</span> <span class='ocrx_word' id='word_1_183' title='bbox 585 2201 672 2252; x_wconf 79' lang='lat' dir='ltr'>est,</span> <span class='ocrx_word' id='word_1_184' title='bbox 693 2194 784 2258; x_wconf 83' lang='lat' dir='ltr'>qua</span> <span class='ocrx_word' id='word_1_185' title='bbox 802 2203 850 2243; x_wconf 87' lang='lat' dir='ltr'>te</span> <span class='ocrx_word' id='word_1_186' title='bbox 872 2195 1096 2244; x_wconf 85' lang='lat' dir='ltr'>celebrare</span> <span class='ocrx_word' id='word_1_187' title='bbox 1113 2194 1278 2259; x_wconf 67' lang='lat' dir='ltr'>poiitae,</span> 
     </span>
     <span class='ocr_line' id='line_1_28' title="bbox 262 2256 1461 2324; baseline 0.003 -17"><span class='ocrx_word' id='word_1_188' title='bbox 262 2259 339 2323; x_wconf 78' lang='lat' dir='ltr'>(Si</span> <span class='ocrx_word' id='word_1_189' title='bbox 360 2256 497 2306; x_wconf 74' lang='lat' dir='ltr'>modo</span> <span class='ocrx_word' id='word_1_190' title='bbox 518 2275 612 2306; x_wconf 88' lang='lat' dir='ltr'>non</span> <span class='ocrx_word' id='word_1_191' title='bbox 633 2260 797 2308; x_wconf 71' lang='lat' dir='ltr'>fallunt</span> <span class='ocrx_word' id='word_1_192' title='bbox 815 2260 1041 2324; x_wconf 84' lang='lat' dir='ltr'>tempora)</span> <span class='ocrx_word' id='word_1_193' title='bbox 1066 2261 1263 2318; x_wconf 86' lang='lat' dir='ltr'>Bacche,</span> <span class='ocrx_word' id='word_1_194' title='bbox 1286 2260 1461 2314; x_wconf 74' lang='lat' dir='ltr'>solent.</span> 
     </span>
     <span class='ocr_line' id='line_1_29' title="bbox 190 2323 1291 2390; baseline 0.003 -16"><span class='ocrx_word' id='word_1_195' title='bbox 190 2323 428 2386; x_wconf 74' lang='lat' dir='ltr'>Festaque</span> <span class='ocrx_word' id='word_1_196' title='bbox 450 2325 646 2372; x_wconf 75' lang='lat' dir='ltr'>odoratis</span> <span class='ocrx_word' id='word_1_197' title='bbox 666 2327 903 2374; x_wconf 79' lang='lat' dir='ltr'>innectunt</span> <span class='ocrx_word' id='word_1_198' title='bbox 924 2335 1127 2390; x_wconf 80' lang='lat' dir='ltr'>tempora</span> <span class='ocrx_word' id='word_1_199' title='bbox 1147 2328 1291 2383; x_wconf 78' lang='lat' dir='ltr'>sertis,</span> 
     </span>
     <span class='ocr_line' id='line_1_30' title="bbox 262 2389 1124 2440; baseline 0.003 -3"><span class='ocrx_word' id='word_1_200' title='bbox 262 2389 331 2437; x_wconf 85' lang='lat' dir='ltr'>Et</span> <span class='ocrx_word' id='word_1_201' title='bbox 353 2390 510 2437; x_wconf 86' lang='lat' dir='ltr'>dicunt</span> <span class='ocrx_word' id='word_1_202' title='bbox 529 2390 685 2439; x_wconf 85' lang='lat' dir='ltr'>laudes</span> <span class='ocrx_word' id='word_1_203' title='bbox 705 2392 763 2439; x_wconf 82' lang='lat' dir='ltr'>ad</span> <span class='ocrx_word' id='word_1_204' title='bbox 784 2399 863 2439; x_wconf 85' lang='lat' dir='ltr'>tua</span> <span class='ocrx_word' id='word_1_205' title='bbox 882 2392 991 2439; x_wconf 82' lang='lat' dir='ltr'>vina</span> <span class='ocrx_word' id='word_1_206' title='bbox 1010 2399 1124 2440; x_wconf 78' lang='lat' dir='ltr'>tuas·</span> 
     </span>
     <span class='ocr_line' id='line_1_31' title="bbox 189 2453 1402 2533; baseline 0.001 -29"><span class='ocrx_word' id='word_1_207' title='bbox 189 2453 329 2504; x_wconf 87' lang='lat' dir='ltr'>Inter</span> <span class='ocrx_word' id='word_1_208' title='bbox 350 2470 494 2533; x_wconf 46' lang='lat' dir='ltr'>quoa·</span> <span class='ocrx_word' id='word_1_209' title='bbox 501 2458 698 2513; x_wconf 88' lang='lat' dir='ltr'>memini,</span> <span class='ocrx_word' id='word_1_210' title='bbox 723 2457 829 2505; x_wconf 86' lang='lat' dir='ltr'>dum</span> <span class='ocrx_word' id='word_1_211' title='bbox 851 2468 927 2503; x_wconf 83' lang='lat' dir='ltr'>me</span> <span class='ocrx_word' id='word_1_212' title='bbox 948 2472 1051 2504; x_wconf 87' lang='lat' dir='ltr'>mea</span> <span class='ocrx_word' id='word_1_213' title='bbox 1068 2456 1163 2504; x_wconf 84' lang='lat' dir='ltr'>fata</span> <span class='ocrx_word' id='word_1_214' title='bbox 1183 2457 1402 2514; x_wconf 77' lang='lat' dir='ltr'>sinebant,</span> 
     </span>
     <span class='ocr_line' id='line_1_32' title="bbox 266 2516 1133 2584; baseline 0.002 -18"><span class='ocrx_word' id='word_1_215' title='bbox 266 2516 415 2567; x_wconf 86' lang='lat' dir='ltr'>Non</span> <span class='ocrx_word' id='word_1_216' title='bbox 402 2522 550 2568; x_wconf 76' lang='lat' dir='ltr'>invisa</span> <span class='ocrx_word' id='word_1_217' title='bbox 570 2522 650 2568; x_wconf 82' lang='lat' dir='ltr'>tibi</span> <span class='ocrx_word' id='word_1_218' title='bbox 671 2537 774 2584; x_wconf 81' lang='lat' dir='ltr'>pars</span> <span class='ocrx_word' id='word_1_219' title='bbox 795 2538 885 2584; x_wconf 82' lang='lat' dir='ltr'>ego</span> <span class='ocrx_word' id='word_1_220' title='bbox 909 2536 1033 2583; x_wconf 81' lang='lat' dir='ltr'>saepe</span> <span class='ocrx_word' id='word_1_221' title='bbox 1051 2520 1133 2568; x_wconf 84' lang='lat' dir='ltr'>fui.</span> 
     </span>
     <span class='ocr_line' id='line_1_33' title="bbox 195 2584 1468 2650; baseline 0.002 -18"><span class='ocrx_word' id='word_1_222' title='bbox 195 2585 357 2640; x_wconf 79' lang='lat' dir='ltr'>Quem</span> <span class='ocrx_word' id='word_1_223' title='bbox 378 2601 500 2633; x_wconf 86' lang='lat' dir='ltr'>nunc</span> <span class='ocrx_word' id='word_1_224' title='bbox 522 2588 803 2650; x_wconf 81' lang='lat' dir='ltr'>suppositum</span> <span class='ocrx_word' id='word_1_225' title='bbox 818 2587 962 2633; x_wconf 81' lang='lat' dir='ltr'>stellis</span> <span class='ocrx_word' id='word_1_226' title='bbox 984 2584 1297 2648; x_wconf 74' lang='lat' dir='ltr'>Cynosuridos</span> <span class='ocrx_word' id='word_1_227' title='bbox 1320 2585 1468 2635; x_wconf 58' lang='lat' dir='ltr'>Ursa</span> 
     </span>
     <span class='ocr_line' id='line_1_34' title="bbox 266 2649 1267 2700; baseline 0 -1"><span class='ocrx_word' id='word_1_228' title='bbox 266 2649 440 2699; x_wconf 79' lang='lat' dir='ltr'>Juncta</span> <span class='ocrx_word' id='word_1_229' title='bbox 455 2658 581 2699; x_wconf 86' lang='lat' dir='ltr'>tenet</span> <span class='ocrx_word' id='word_1_230' title='bbox 603 2653 752 2700; x_wconf 79' lang='lat' dir='ltr'>crudis</span> <span class='ocrx_word' id='word_1_231' title='bbox 774 2652 993 2700; x_wconf 78' lang='lat' dir='ltr'>Sarmatis</span> <span class='ocrx_word' id='word_1_232' title='bbox 1013 2666 1095 2699; x_wconf 84' lang='lat' dir='ltr'>ora</span> <span class='ocrx_word' id='word_1_233' title='bbox 1117 2651 1267 2700; x_wconf 80' lang='lat' dir='ltr'>Getis.</span> 
     </span>
     <span class='ocr_line' id='line_1_35' title="bbox 199 2713 1411 2781; baseline 0.003 -20"><span class='ocrx_word' id='word_1_234' title='bbox 199 2714 392 2777; x_wconf 82' lang='lat' dir='ltr'>Quique</span> <span class='ocrx_word' id='word_1_235' title='bbox 411 2713 536 2777; x_wconf 71' lang='lat' dir='ltr'>prius</span> <span class='ocrx_word' id='word_1_236' title='bbox 557 2717 754 2773; x_wconf 85' lang='lat' dir='ltr'>mollem,</span> <span class='ocrx_word' id='word_1_237' title='bbox 776 2731 1055 2778; x_wconf 83' lang='lat' dir='ltr'>vacuamque</span> <span class='ocrx_word' id='word_1_238' title='bbox 1075 2716 1313 2774; x_wconf 70' lang='lat' dir='ltr'>laboribus,</span> <span class='ocrx_word' id='word_1_239' title='bbox 1335 2714 1411 2781; x_wconf 68' lang='lat' dir='ltr'>egi</span> 
     </span>
     <span class='ocr_line' id='line_1_36' title="bbox 264 2751 1544 2844; baseline 0.002 -15"><span class='ocrx_word' id='word_1_240' title='bbox 264 2778 326 2830; x_wconf 84' lang='lat' dir='ltr'>In</span> <span class='ocrx_word' id='word_1_241' title='bbox 349 2781 508 2831; x_wconf 72' lang='lat' dir='ltr'>studiis</span> <span class='ocrx_word' id='word_1_242' title='bbox 527 2782 690 2844; x_wconf 63' lang='lat' dir='ltr'>vitatus</span> <span class='ocrx_word' id='word_1_243' title='bbox 702 2751 1023 2844; x_wconf 67' lang='lat' dir='ltr'>Pieridumque</span> <span class='ocrx_word' id='word_1_244' title='bbox 1043 2781 1213 2831; x_wconf 83' lang='lat' dir='ltr'>choro·</span> <span class='ocrx_word' id='word_1_245' title='bbox 1196 2814 1217 2840; x_wconf 78' lang='lat'>,</span> <span class='ocrx_word' id='word_1_246' title='bbox 1439 2781 1544 2827; x_wconf 88' lang='lat'>10</span> 
     </span>
    </p>
   </div>
  </div>
 </body>
</html>
