1842 2966
317 158 409 202 192
652 147 708 196 Ρ.
742 141 974 196 OVIDII
1007 133 1310 190 NASONIS
1323 127 1332 134 ⁴

315 281 582 343 Diffiigiunt
601 280 703 338 alii;
726 279 951 338 nullisque
971 273 1200 320 tuentibus
1221 282 1377 333 agros,

384 345 679 392 Incustoditae
701 345 967 406 diripiuntur
987 354 1111 400 opes.
1277 363 1288 374 ›

315 411 457 459 Ruris
479 427 587 474 opes
607 426 777 473 parvae,
799 421 951 470 pecuS,
975 412 1022 451 et
1046 400 1278 449 stridentia
1297 399 1513 461 plaustra
1524 412 1542 453 ;

382 476 448 523 Et
469 492 579 537 quas
600 476 775 522 divitias
796 472 946 519 incola
964 483 1131 531 pauper
1152 466 1299 511 habet-
1612 463 1686 506 60

320 540 435 589 Pars
456 543 605 605 agitur
623 541 788 589 vinctis
801 543 907 599 post
926 543 1106 596 tergum
1128 536 1258 592 capta
1278 527 1480 582 lacertis,

383 605 651 669 Respiciens
670 601 836 651 frustra
856 615 962 647 rura
985 597 1240 657 Laremque
1262 605 1416 640 suum.

323 670 438 719 Pars
460 673 579 719 cadit
598 670 788 718 hamatis
808 661 975 728 misere
996 662 1176 709 confixa
1197 655 1406 721 sagittis:

385 736 509 785 Nam
531 737 704 784 volueri
723 733 844 780 ferro
865 730 1039 777 tinctile
1059 728 1185 775 virus
1206 727 1340 771 inest.

323 803 444 858 Quae
466 807 694 863 nequeunt
711 812 861 845 secum
882 795 1002 841 ferre
1022 799 1099 840 aut
1121 791 1352 843 abducere,
1373 786 1592 849 perdunt
1609 804 1628 832 ι

388 867 454 915 Et
475 872 644 914 cremat
659 866 860 911 insontes
871 860 1045 907 hostica
1063 856 1247 903 flamma
1266 867 1411 900 casas.
1503 883 1510 886 -

322 931 444 979 Tum
467 945 655 994 quoque,
678 926 782 976 cum
802 941 893 989 pax
913 932 997 979 est,
1020 922 1242 984 trepidant
1260 917 1519 965 formidine
1540 915 1662 963 beni
1674 933 1690 960 ε

390 996 493 1043 Nec
515 997 746 1058 quisquam
761 999 917 1054 presso
939 1002 1124 1036 vomere
1144 986 1289 1032 sulcat
1308 984 1527 1029 humum.
1547 980 1688 1045 [tem.

324 1062 424 1109 Aut
444 1061 582 1115 videt,
599 1067 677 1107 aut
698 1057 859 1106 metuit
877 1057 1006 1102 locus
1027 1053 1114 1106 hic,
1139 1052 1272 1112 quem
1285 1064 1381 1095 non
1397 1047 1558 1102 π’ὐει,
1575 1049 1690 1093 hos-

392 1124 555 1173 Cessat
576 1126 694 1171 iners
716 1122 863 1185 rigido
884 1129 1006 1168 terra
1025 1118 1181 1164 relicta
1200 1116 1304 1162 situ.
1627 1115 1695 1157 '70

324 1190 438 1239 Non
463 1192 534 1237 hic
556 1187 791 1252 pampinea
812 1187 955 1234 dulcis
973 1186 1088 1231 latet
1105 1196 1196 1229 uva
1217 1180 1300 1228 sub
1320 1176 1487 1225 umbra
1504 1193 1525 1235 ;

391 1255 494 1303 Nec
517 1255 747 1303 cumulant
769 1254 885 1300 altos
904 1249 1081 1297 fervida
1101 1254 1250 1294 musta
1268 1246 1414 1291 lacus.

325 1321 471 1369 Poma
494 1327 633 1384 negat
652 1320 807 1382 regio:
835 1333 920 1365 nec
940 1317 1125 1363 haberet
1144 1311 1382 1363 Acontius,
1397 1309 1453 1354 in
1482 1322 1598 1369 quo

395 1387 617 1434 Scriberet
637 1386 711 1431 hic
732 1384 930 1431 dominae
950 1381 1088 1428 verba
1104 1377 1301 1439 legenda
1316 1388 1427 1422 suae.

327 1448 597 1515 Adspiceres
619 1450 763 1499 nudos
787 1449 884 1497 sine
902 1446 1074 1501 fronde,
1100 1445 1197 1492 sine
1218 1443 1388 1496 arbore,
1412 1452 1641 1503 campos.

395 1517 506 1565 Heu
525 1518 629 1566 loca
647 1516 766 1563 felici
788 1529 882 1561 non
904 1511 1107 1559 adeunda
1126 1510 1226 1555 viro
1245 1508 1265 1555 ἔ·

327 1583 473 1646 Ergo,
496 1582 588 1630 tam
609 1579 702 1629 late
721 1586 872 1643 pateat
892 1575 996 1625 cum
1017 1575 1243 1622 maximus
1264 1572 1398 1625 orbis,

392 1647 516 1696 Haec
539 1655 609 1696 est
627 1648 675 1695 in
699 1658 881 1709 poenam
902 1650 1022 1691 terra
1042 1645 1220 1703 reperta
1237 1651 1386 1684 meam
1402 1633 1427 1679 ’ἓ

793 1836 1058 1889 ELEGIA
1092 1833 1188 1883 XI.

330 1975 387 2023 81
408 1974 507 2036 quis
529 1989 590 2029 es,
613 1971 801 2019 insultes
818 1971 899 2032 qui
915 1969 1103 2023 casibus,
1124 1964 1340 2028 improbe,
1361 1960 1566 2017 nostris,

397 2039 571 2100 Meque
592 2052 731 2092 reum,
754 2037 907 2083 demto
928 2034 1031 2089 fine,
1055 2039 1269 2079 cruentus
1291 2032 1428 2090 agan

331 2103 484 2152 Natus
506 2118 556 2150 es
578 2098 604 2148 ὲ
621 2094 827 2163 scopulis,
852 2101 1047 2147 nutritus
1066 2099 1185 2145 lacte
1202 2095 1349 2142 ferino
1356 2109 1373 2150 ς

397 2168 464 2216 Et
485 2168 629 2214 dicam
650 2167 798 2213 silices
818 2172 978 2227 pectus
997 2164 1159 2210 habere
1180 2167 1325 2207 tuum.

334 2232 453 2289 Quis
473 2231 639 2294 gradus
660 2231 856 2286 ulterior,
879 2226 969 2291 quo
991 2244 1041 2275 se
1060 2234 1139 2274 tua
1157 2225 1361 2288 porrigat
1377 2221 1468 2278 ira,

400 2295 594 2344 Restat?
616 2295 779 2356 quidve
798 2295 912 2341 meis
933 2294 1078 2341 cernis
1100 2293 1256 2339 abesse
1274 2287 1445 2334 malis?

334 2362 533 2421 Barbara
554 2376 629 2406 me
649 2360 795 2415 tellus,
819 2366 865 2406 et
884 2359 1112 2419 inhospita
1128 2357 1264 2402 litora
1285 2352 1442 2406 Ponti,

401 2424 610 2485 Cumque
633 2439 714 2471 suo
736 2422 886 2471 Borea
907 2422 1123 2469 Maenalis
1144 2435 1251 2467 ursa
1270 2417 1410 2464 videt.

334 2489 480 2538 Nulla
499 2490 608 2535 mihi
630 2496 732 2566 'cum
746 2495 893 2551 gente
911 2485 1010 2534 fera
1028 2485 1297 2533 commercia
1313 2483 1494 2543 linguoe
1511 2496 1526 2527 ε

402 2553 569 2602 Omnia
591 2553 767 2600 solliciti
785 2560 892 2600 sunt
908 2554 1012 2599 loca
1030 2552 1164 2613 plena
1177 2547 1342 2596 metus.
1623 2545 1686 2588 10

338 2618 498 2734 Utgpg
510 2617 654 2680 fugax
673 2619 815 2665 avidis
835 2632 996 2665 cervus
1011 2616 1255 2677 deprensus
1276 2612 1333 2658 ab
1351 2612 1489 2668 ursis,

448 2685 459 2695 '
494 2690 625 2732 ctave
643 2684 873 2732 montanis
893 2688 945 2730 ut
963 2688 1098 2744 pavet
1119 2693 1239 2742 agna
1257 2677 1409 2740 lupi„
