1842 2966
310 161 409 207 222
647 152 705 205 P.
737 152 975 203 0V1D11
1006 145 1329 201 NASONIS·

318 287 388 340 Et
408 303 522 344 mea,
546 287 591 335 si
599 285 787 335 faeinus-
792 286 964 333 nullum
987 285 1311 348 commisimus,
1327 293 1453 348 opto
1769 271 1770 344 i

395 352 602 400 Vulnera
621 353 698 414 qui
718 351 839 407 fecit,
861 350 983 398 facta
1001 351 1154 398 levare
1173 351 1299 397 velit.

322 416 673 479 contentusque
694 418 784 463 mei
796 419 895 480 jam
918 416 1101 462 tandem
1124 421 1252 477 parte
1271 415 1466 472 laboris,

389 481 626 546 Exiguum
648 483 784 544 pleno
807 482 862 527 de
883 496 1009 527 mare
1030 481 1180 527 demat
1202 495 1349 541 aquae.
1632 489 1696 531 20

319 548 552 597 Detrahat
572 555 624 596 ut
645 547 851 601 multum,
875 547 1071 592 multum
1095 546 1279 592 restabit
1301 547 1497 594 acerbi.

392 615 596 675 Parsque
617 628 735 659 meae
756 627 907 673 poenae
931 612 1069 658 totius
1090 613 1233 657 instar
1253 611 1354 668 erit.

327 680 490 730 Litora
509 686 621 741 quot
641 677 849 732 conchas,
865 684 977 737 quot
997 691 1179 722 amoena
1200 676 1371 722 rosaria
1391 674 1563 733 flores,

396 746 584 801 Quotve
604 741 898 805 soporiferum
923 757 1069 804 grana
1088 756 1285 802 papaver
1306 742 1483 789 habet:

333 812 460 860 Silva
478 810 597 858 feras
619 814 730 869 quot
743 807 833 861 alit,
858 814 971 867 quot
990 807 1187 868 piscibus
1209 804 1330 852 unda
1350 815 1580 866 natatur-3

402 876 530 931 Quot
551 882 754 921 tenerum
775 873 938 933 pennis
959 873 1064 918 a'era
1076 872 1227 932 pulsat
1248 871 1369 927 avis;

331 941 428 990 Tot
448 955 627 1002 premor
650 937 863 984 adversis.
909 936 1030 992 Quae
1053 938 1090 983 si
1113 937 1441 998 comprendere
1464 953 1625 994 coner,

401 1004 561 1052 Icariae
583 1017 819 1048 numerum
832 1004 993 1049 ¹dicere
1015 1017 1152 1049 coner
1177 1015 1319 1062 aquae.

336 1071 495 1130 thue
515 1070 605 1116 viae
628 1082 772 1122 casus,
797 1073 848 1113 ut
871 1083 1024 1115 amara
1042 1066 1240 1129 pericula
1260 1068 1403 1129 ponti,

403 1134 474 1182 Ut
495 1144 669 1181 taceam
692 1134 869 1180 strictas
890 1134 939 1179 in
962 1148 1064 1179 mea
1082 1133 1175 1178 fata
1197 1147 1357 1194 manus
1374 1149 1390 1190 ς
1622 1138 1684 1181 :30

335 1200 537 1250 Barbara
557 1214 632 1245 me
654 1199 805 1253 tellus,‘
824 1200 1031 1260 orbisque
1052 1196 1299 1244 novissima
1317 1199 1481 1260 magni

404 1266 635 1322 Sustinet3
658 1271 705 1311 et
727 1279 852 1310 saevo
874 1265 1050 1310 cinctus
1072 1263 1127 1309 ab
1149 1263 1280 1308 hoste
1300 1263 1447 1308 locus.

340 1330 471 1379 Hinc
493 1347 582 1394 ego
604 1331 833 1392 trajiceret
869 1329 1041 1397 (neque
1069 1329 1191 1373 enim
1221 1342 1323 1374 mea
1344 1328 1483 1390 culpa
1502 1337 1678 1377 cruenta

406 1395 615 1457 Essessq
618 1410 689 1442 uae
706 1395 850 1450 debet,
875 1396 912 1440 si
935 1388 1027 1440 tibi
1036 1407 1144 1440 cura
1165 1393 1268 1439 mei.
1566 1392 1673 1460 [αθ

339 1460 431 1510 Ille
453 1461 601 1516 Deus,
624 1462 740 1508 bene
755 1477 844 1522 quo
866 1459 1080 1507 Romana
1097 1458 1300 1520 potentia
1320 1458 1430 1507 nixa
1451 1467 1533 1516 est,

410 1529 543 1590 Saepe
565 1543 647 1574 suo
669 1528 817 1574 victor
837 1526 985 1572 lenis
973 1541 1022 1571 ln
1043 1526 1174 1571 hoste
1194 1523 1294 1571 fuit.
1771 1504 1772 1595 i

348 1593 473 1650 Quid
490 1592 698 1640 dubitas?
732 1592 839 1653 quid
860 1597 960 1637 tuta
981 1591 1113 1636 times
1128 1589 1351 1644 Yaccede,
1376 1606 1590 1653 rugaque.
1771 1598 1772 1667 i

408 1657 594 1707 Caesare
614 1657 680 1703 nil
700 1658 863 1719 ingens
879 1656 1033 1703 mitius
1056 1655 1175 1702 orbis
1197 1655 1344 1701 habet.
1481 1654 1666 1719 [quunti’
1771 1674 1772 1681 ¹

346 1722 435 1771 Me
456 1721 701 1770 miserum!
744 1721 849 1782 quid
870 1735 1018 1783 agam,
1043 1722 1081 1767 si
1100 1721 1312 1783 proxima
1330 1734 1522 1783 quaeque
1541 1723 1666 1771 relin-

244 1848 253 1854 ,
390 1838 391 1841 ,
413 1787 646 1835 Subtrahis
668 1785 852 1834 effracto
875 1793 927 1832 tu
943 1801 1120 1847 quoque
1143 1787 1261 1833 colla
1265 1786 1384 1848 jugo
1399 1785 1422 1830 ἶ)
1609 1792 1669 1835 4ο

347 1850 463 1909 Qut}
477 1852 626 1899 ferar?
648 1852 769 1899 unde
779 1853 1091 1913 petamlapsis
1111 1852 1271 1898 solatia
1291 1849 1457 1898 rebus?

414 1917 630 1966 Anchora
641 1918 738 1979 jam
761 1923 963 1965 nostram
985 1918 1079 1962 hon
1101 1923 1227 1964 tenet
1248 1915 1340 1962 ulla
1359 1915 1531 1963 ratem?

347 1982 549 2031 Viderit·
576 1984 674 2045 ipse
695 1997 879 2037 sacram3
901 1982 1109 2042 quamvis
1128 1982 1316 2035 invisus,
1339 1981 1396 2027 ad
1417 1994 1531 2028 aram

414 2045 716 2109 confugiam:
748 2047 894 2093 nullas
917 2047 1156 2093 submovet
1177 2061 1257 2115 ara
1274 2060 1450 2094 manus.

345 2112 586 2173 Adloquor
599 2125 664 2156 en
571 2061 846 2157 guunabsemi
864 2112 1108 2172 praesentia
1127 2107 1316 2158 numina
1333 2111 1538 2174 supplex.

416 2177 469 2224 Si
487 2177 557 2222 sas
578 2181 648 2221 eet
668 2175 841 2220 homini
861 2189 966 2221 cum
987 2175 1109 2225 Jove
1128 2191 1263 2239 posse
1282 2175 1420 2238 loqui.

347 2240 567 2293 Arbiter
554 2239 743 2300 imperii,
764 2254 855 2300 quo
876 2247 1050 2287 certum
1072 2248 1143 2288 eat
1164 2241 1334 2303 sospite
1352 2247 1525 2290 cunctos

412 2305 637 2354 Ausoniae
655 2318 811 2353 curam
832 2305 984 2367 gentis
997 2306 1160 2354 habere
1181 2304 1344 2353 Deos·

352 2369 399 2420 Ο
420 2371 571 2447 decus,
595 2365 623 2415 ὃ
643 2367 817 2430 patriae
824 2385 905 2431 per
925 2376 974 2415 te
995 2369 1226 2418 florentis
1212 2385 1397 2448 imago,

416 2433 463 2482 Ο
484 2435 556 2481 vir
575 2447 668 2483 non
689 2434 801 2496 ipso,
823 2449 958 2496 quem
980 2436 1115 2498 regis,
1139 2436 1246 2483 orbe
1266 2435 1444 2493 minor;
1594 2440 1655 2487 ⁵0

353 2499 432 2548 Sic
452 2499 624 2546 habites
643 2504 799 2559 terras,
824 2500 888 2546 sic
908 2507 956 2546 te
977 2500 1201 2549 desideret
1221 2499 1387 2548 aether!

418 2562 497 2612 Sic
518 2563 577 2610 ad
595 2568 729 2625 pacta
748 2564 827 2610 tibi
849 2565 1000 2612 sidera
1014 2567 1169 2613 tardus
1190 2563 1290 2614 eas!

351 2627 512 2684 Parce,
533 2642 723 2690 precor.
750 2630 1071 2691 minimamque
1092 2637 1173 2678 tuo
1195 2631 1251 2678 de
1261 2629 1456 2678 fulmine
1469 2637 1634 2695 partein-

416 2692 600 2746 Demea
627 2693 736 2744 satu
754 2708 919 2758 poenoe,
943 2695 1067 2758 quod
1086 2695 1325 2761 superabit,
1341 2695 1439 2745 erit.
