1842 2966
516 141 885 220 Tmsrrum·
904 142 1016 194 Lu.
1034 143 1136 196 111;
1164 148 1212 195 ⁷.
1441 149 1534 199 1⁸⁷

184 274 265 322 Et
288 279 441 320 tamen
463 273 520 321 ad
541 274 720 331 Musas,
743 276 950 336 quamvis
971 291 1180 335 nocuere,
1201 277 1396 338 reventi3

259 338 477 401 Aptaque
490 339 538 391 in
555 341 752 388 alternos
774 356 940 404 cogere
960 343 1096 389 verba
1113 344 1265 404 pedes.
1472 346 1535 391 10

186 402 274 451 Tu
298 418 491 466 quoque,
508 406 579 453 dic
601 407 759 468 studiis
780 408 1093 454 communibus
1113 410 1272 469 ecquid
1291 409 1499 467 inhaeres,

182 487 193 490 ·
264 468 511 532 Doctaque
531 486 624 518 non
644 472 791 533 patrio
813 473 1016 520 carmina-
1033 487 1160 519 more
1180 474 1303 521 canis
1317 474 1340 520 ἓ

192 533 331 581 Nam
353 535 434 581 tibi
455 549 558 582 cum
576 535 702 583 Fatis
723 552 873 584 mores
895 536 1078 585 Natura
1089 537 1290 599 pudicos,

261 598 334 646 Et
355 614 478 647 raras
493 601 621 648 dotes
642 603 969 666 ingeniumque
990 604 1128 650 dedit.

196 663 316 710 Hoc
338 679 426 727 ego
450 663 697 727 Pegasidas
719 667 882 714 deduxi
902 668 1074 729 primus
1095 667 1152 715 ad
1173 668 1328 724 undas,

267 728 349 775 Ne
370 727 488 777 male
509 730 718 779 fecundae
739 748 856 780 vena
875 733 1046 795 periret
1062 748 1207 794 aquae.

197 794 390 842 Primus
408 795 455 841 id
477 796 661 857 adspexi
683 798 849 844 teneris
868 798 916 844 in
938 799 1129 860 virginis
1150 797 1310 846 annis:

270 857 432 920 thue
451 868 587 922 patet,
610 878 741 909 venae
763 863 945 924 duxque
965 875 1206 925 comesque
1225 864 1307 910 fui.

198 923 352 985 Ergo,
377 923 414 971 si
435 935 668 976 remanent
688 929 818 990 ignes
840 929 918 975 tibi
940 930 1137 990 pectofis
1158 928 1295 985 idem5

274 989 384 1036 Sola
403 997 531 1037 tuum
548 999 675 1040 vates
698 992 865 1040 Lesbia
883 994 1036 1040 vincet
1057 1009 1186 1057 opus.
1479 995 1546 1039 20
1643 1000 1650 1004 '

209 1054 309 1103 Sed
327 1070 501 1112 vereor,
525 1072 585 1104 ne
605 1064 654 1104 te
673 1073 774 1106 mea
787 1073 910 1106 nunc
934 1058 1152 1108 Fortuna,
1160 1058 1380 1116 retardet;

275 1118 478 1181 Postque
493 1137 619 1170 meos
642 1139 771 1171 casus
793 1125 852 1171 sit
873 1124 953 1171 tibi
974 1131 1132 1185 pectus
1152 1125 1287 1172 iners.
1341 1155 1349 1164 ·

202 1184 340 1234 Dum
361 1185 498 1242 licuit,
521 1194 600 1235 tua
615 1203 738 1251 saepe
758 1190 882 1244 mihi,
906 1189 987 1235 tibi
1008 1197 1162 1236 nostra
1175 1190 1379 1252 legebam
1398 1206 1413 1237 t

117 1310 123 1314 ,
273 1251 406 1313 Saepe
421 1253 487 1299 tui
498 1252 684 1315 judexy
701 1269 826 1315 saepe
846 1254 1065 1314 magister
1085 1268 1222 1299 eram.

143 1374 155 1384 κ
205 1315 308 1364 Aut
329 1331 417 1379 ego
431 1319 686 1378 praebebam
705 1318 837 1364 factis
853 1314 990 1363 modo
1010 1317 1213 1364 versibus
1236 1331 1383 1373 aures,

273 1381 373 1428 Aut
394 1381 468 1428 ubi
488 1379 705 1435 cesseras,
729 1396 889 1428 caussa
909 1381 1083 1427 ruboris
1104 1395 1242 1428 eram.

211 1445 428 1495 Forsitan
450 1446 674 1509 exemplo,
697 1446 802 1508 quia
820 1461 896 1494 me
915 1446 1077 1494 laesere
1094 1445 1246 1501 libelli,

273 1511 352 1559 Tu
371 1527 552 1573 quoque
573 1513 637 1559 sis
655 1527 809 1574 poenae
826 1511 921 1559 fata
941 1517 1096 1559 secuta
1109 1525 1242 1575 meae.

209 1576 357 1632 Pone,
381 1576 562 1632 Perilla,
584 1583 780 1624 metum:
809 1577 1122 1624 tantummodo
1142 1574 1311 1623 femina
1331 1589 1424 1622 non
1442 1574 1501 1621 sit

279 1642 446 1698 Devia,
469 1657 555 1689 nec
577 1643 756 1706 scriptis
776 1643 923 1690 discat
941 1656 1093 1689 amare
1114 1641 1219 1688 tuis.
1488 1643 1557 1687 30

210 1707 346 1769 Ergo
368 1708 550 1755 desidiae
565 1723 762 1764 remove,
785 1707 1057 1763 doctissima,
1081 1721 1262 1754 caussas
1275 1723 1289 1752 z

286 1771 435 1835 Inque
454 1774 596 1821 bonas
617 1781 737 1822 artes
759 1781 806 1820 et
826 1781 905 1820 tua
927 1786 1054 1820 sacra
1076 1771 1186 1820 redi.

217 1837 319 1886 Ista
339 1838 504 1886 decens
524 1838 663 1886 facies
683 1839 835 1901 longis
855 1838 1085 1885 vitiabitur
1104 1837 1261 1884 annisz

284 1903 512 1966 Rugaque
532 1904 581 1950 in
601 1902 787 1965 antiqua
804 1903 957 1950 fronte
978 1902 1132 1950 senilis
1146 1902 1250 1950 erit.

218 1968 488 2032 I'njicietque
509 1983 693 2016 manum
714 1967 876 2016 formae
897 1967 1111 2015 damnosa
1135 1971 1359 2020 senectus,

287 2033 412 2088 Quae
432 2035 668 2097 strepitum
689 2049 824 2097 passu
847 2048 941 2080 non
962 2032 1159 2081 faciente
1179 2032 1321 2079 venit.

222 2098 434 2163 Ctimque
453 2099 613 2161 aliquis
634 2098 765 2155 dicet,
790 2098 900 2146 Fuit
920 2099 1020 2146 haec
1040 2098 1240 2146 formosa
1250 2113 1268 2154 3
1302 2093 1504 2157 dolebis:

284 2162 353 2212 Et
374 2165 605 2225 speculum
625 2165 823 2212 mendax
841 2179 943 2212 esse
964 2161 1149 2225 querere
1170 2169 1315 2210 tuum.

222 2229 342 2278 Sunt
361 2229 441 2276 tibi
463 2245 573 2292 opes
592 2229 797 2285 modicae,
819 2227 924 2276 cum
947 2229 1010 2276 sis
1029 2228 1294 2291 dignissima
1314 2225 1493 2289 magnis
1510 2240 1529 2271 t

290 2293 441 2356 Finge
462 2295 541 2343 sed
555 2296 787 2342 immensis
809 2295 1015 2341 censibus
1037 2309 1136 2341 esse
1155 2308 1300 2356 pares.
1493 2291 1560 2336 40

226 2358 412 2421 Nempe
432 2360 510 2407 dat
528 2360 576 2407 id
597 2360 862 2421 cuicumque
881 2360 993 2406 libet
1014 2357 1229 2413 Fortuna,
1256 2356 1489 2418 rapitque:

295 2423 401 2471 Irus
422 2430 469 2471 et
489 2432 560 2472 est
580 2422 740 2480 subito,
764 2426 840 2486 qui
862 2421 998 2470 modo
1015 2422 1204 2473 Croesus
1226 2427 1337 2469 erat.

228 2488 423 2550 Singula
441 2489 549 2550 quid
568 2489 756 2538 referam
768 2490 792 2535 ’Β
825 2489 890 2536 nil
909 2504 1003 2536 non
1021 2488 1209 2536 mortale
1230 2493 1449 2540 tenemus,
1525 2502 1528 2507 ·

295 2553 501 2602 Pectoris
515 2557 715 2618 exceptis
736 2555 996 2617 ingeniique
1015 2554 1159 2601 bonis.

226 2620 304 2670 En
326 2635 428 2682 ego,
452 2616 720 2685 cumpatria
740 2635 930 2674 caream,
953 2619 1179 2680 vobisque,
1203 2617 1456 2677 domoque3

295 2685 533 2749 Raptaque
548 2688 651 2744 sint,
675 2686 809 2735 adimi
832 2700 936 2748 quae
953 2692 1157 2750 potuere,
1179 2680 1319 2738 mihi3
