1842 2966
311 135 381 179 ss
660 127 720 177 Ρ.
755 94 995 177 ovum
1025 120 1330 177 ussoms

310 259 428 309 Inde
451 266 575 308 satur
594 259 738 322 nigris
756 258 949 323 longum
971 258 1087 322 rapit
1108 257 1334 321 unguibus
1353 257 1557 320 hydrum
1567 275 1587 317 ς
1609 262 1622 273 '

381 323 461 373 Ad
481 324 803 387 dominumque
823 324 968 383 redit3
1001 323 1194 385 fictaque
1213 323 1351 370 verba
1371 322 1511 373 refert
1531 342 1550 370 z

313 389 411 438 Hic
432 390 545 440 mihi
564 405 726 438 caussa
744 406 900 444 morae,
923 391 1131 438 vivarum
1152 389 1361 436 obsessor
1379 403 1610 449 aquarum
1627 405 1648 437 a

384 454 482 502 Hic
504 456 652 503 tenuit
669 455 821 505 fontes
841 455 1130 516 officiumque
1148 469 1316 502 meum.
1575 458 1696 503 260

317 521 481 576 Addis,
503 522 579 577 ait,
602 521 752 584 culpae
770 521 1016 575 mendacia,
1042 518 1245 566 Phoebus
1259 518 1282 563 ἰ’
1315 525 1361 566 et
1382 518 1528 566 audes

387 585 644 634 Fatidicum
665 588 813 635 verbis
833 585 989 632 fallere
1010 584 1127 632 velle
1147 582 1306 633 Deum
1319 584 1342 629 ἰ’

322 651 392 703 At
411 653 507 709 tibi,
529 653 638 699 dum
659 653 834 700 lactens
855 650 1045 697 haerebit
1065 650 1112 696 in
1135 651 1294 696 arbore
1315 648 1443 704 ficus,

386 716 468 765 De
490 718 616 766 nullo
636 717 801 780 gelidae
820 714 950 761 fonte
967 715 1177 762 bibantur
1197 729 1342 775 aquae.

325 781 493 831 Dixit:
532 791 581 831 et
601 782 775 841 antiqui
794 774 1091 828 monumenta
1110 781 1324 843 perennia
1342 778 1452 826 sacti

384 848 585 912 Anguis,
608 846 738 901 Avis,
765 843 941 901 Crater,
964 846 1111 895 sidera
1120 847 1285 909 juncta
1304 846 1488 893 micant.

320 912 516 962 Tuta-u
535 919 640 974 post
660 909 774 959 Idus
795 910 942 958 nudos
962 911 1146 961 Aurora
1167 909 1403 973 Lupercos

519 977 625 1024 icit=
664 983 712 1023 et
734 974 883 1024 Fauni
904 992 1034 1025 sacra
1046 977 1243 1024 bicornis
1263 983 1387 1024 eunt.

322 1042 493 1096 Dicite,
518 1040 736 1097 Pierides,
759 1056 991 1090 sacrorum
1012 1057 1117 1104 quae
1139 1042 1198 1089 sit
1218 1042 1376 1103 origo:

389 1106 490 1155 Att·
556 1108 647 1155 rint
667 1106 826 1156 Latias
846 1108 969 1157 unde
987 1109 1129 1171 petita
1150 1108 1325 1155 domos.
1581 1109 1697 1156 270

325 1171 456 1221 Pana
476 1122 634 1221 {zum
655 1174 831 1235 pecoris
852 1180 1031 1223 veteres
1053 1172 1247 1219 coluisse
1264 1171 1473 1220 feruntur

389 1237 624 1286 Arcades:
664 1237 874 1287 Arcadiis
893 1239 1113 1301 plurimus
1132 1237 1209 1285 ille
1220 1238 1364 1300 jugis.
1421 1246 1428 1255 *

317 1301 476 1352 Testis
494 1303 583 1351 erit
602 1302 791 1359 Ρὶιοιοὲ,
814 1311 957 1351 testes
979 1302 1316 1365 Stymphalides
1337 1302 1507 1360 undae3

389 1367 574 1430 Quique
595 1369 697 1416 citis
719 1367 882 1416 Ladon
903 1369 954 1416 in
974 1383 1099 1416 mare
1120 1369 1261 1414 currit
1280 1368 1407 1428 aquis
1424 1383 1441 1426 ;

324 1432 579 1497 Cinctaque
599 1435 764 1499 pinetis
784 1435 984 1483 nemoris
994 1436 1115 1498 juga
1135 1431 1387 1481 Nonacrini
1403 1449 1422 1492 ς

391 1500 594 1563 Altaque
617 1499 824 1563 Cyllene,
849 1500 1192 1560 Parrhasiaeque
1211 1499 1355 1548 nives.

323 1565 426 1616 Pan
448 1574 545 1615 erat
566 1567 758 1614 armenti
780 1573 949 1620 custos„
974 1563 1076 1612 Pan
1099 1579 1268 1614 numen
1288 1577 1505 1627 equarum
1522 1581 1538 1611 ε

389 1632 568 1680 Munus
589 1633 647 1679 ob
667 1631 918 1680 incolumes
938 1630 1016 1677 ille
1034 1629 1206 1677 ferebat
1225 1645 1364 1680 oves·-

319 1697 577 1748 Transtulit
596 1696 815 1746 Evander
836 1694 1059 1742 silvestria
1080 1695 1268 1743 numina
1287 1709 1458 1743 secum.

392 1760 490 1809 Hic
513 1762 586 1809 ubi
608 1776 730 1807 nunc
754 1758 878 1807 Urbs
898 1765 983 1815 est,
1007 1766 1105 1806 tum
1124 1760 1254 1807 locus
1273 1759 1413 1809 Urbis
1428 1766 1542 1810 erat.
1582 1765 1697 1812 280

324 1825 442 1876 Inde
463 1826 622 1874 Deum
643 1826 848 1880 colimus,
871 1824 1150 1887 devectaque
1171 1839 1298 1874 sacra
1319 1825 1543 1889 Pelasgis.

389 1892 580 1940 Flamen
602 1891 660 1937 ad
680 1891 779 1937 baec
798 1889 950 1953 prisco
966 1905 1095 1937 more
1115 1890 1266 1940 Dialis
1288 1898 1399 1939 erat.

325 1956 424 2008 Cur
445 1958 586 2019 igitur
606 1962 820 2013 currant3
854 1962 904 2002 et
925 1971 1006 2002 cur
1030 1956 1119 2020 (sic
1139 1971 1320 2004 currere
1340 1971 1443 2006 mos
1464 1954 1561 2019 est)

392 2022 532 2071 Nuda
551 2020 700 2068 serant
718 2019 867 2083 posita
886 2036 1075 2086 corpora
1094 2028 1235 2077 veste,
1255 2036 1395 2084 rogas
1408 2021 1432 2068 ἰ’
1475 2044 1481 2048 <

331 2086 440 2152 Ipse
461 2085 596 2133 Deus
614 2084 753 2133 velox
773 2086 1024 2134 discurrere
1043 2087 1214 2149 gaudet
1233 2089 1280 2134 in
1303 2088 1406 2135 sitis

393 2151 663 2208 Montibus;
697 2158 745 2197 et
765 2151 937 2200 subitas
958 2154 1159 2200 concitat
1179 2152 1257 2199 ille
1277 2151 1411 2200 feras.

333 2216 443 2283 Ipse
464 2215 600 2265 Deus
621 2216 768 2264 nudus
789 2216 936 2264 nudos
946 2218 1080 2280 jubet
1099 2218 1165 2265 ire
1184 2217 1442 2266 ministrosz

389 2282 496 2330 Nec
517 2281 627 2330 satis
647 2282 706 2329 ad
725 2298 906 2332 cursum
930 2283 1169 2332 commoda
1187 2283 1329 2330 vestis
1350 2290 1460 2330 erat.

329 2350 456 2396 Ante
476 2343 644 2396 Jovem
662 2349 871 2410 genitum
893 2355 1037 2396 terras
1059 2347 1266 2396 habuisse
1285 2346 1495 2395 feruntur
1637 2389 1644 2400 ,

390 2412 620 2460 Arcades:
658 2421 707 2461 et
728 2411 867 2460 Luna
885 2428 1004 2475 gens
1023 2414 1145 2475 prior
1166 2413 1246 2460 illa
1263 2412 1365 2460 fuit.
1573 2418 1685 2463 290

326 2476 441 2525 Vita
459 2476 570 2526 ferae
591 2478 764 2535 similis,
785 2479 937 2526 nullos
956 2478 1129 2542 agitata
1147 2492 1228 2539 per
1248 2493 1381 2525 usust

392 2542 524 2590 Artis
544 2543 690 2594 adhuc
711 2558 887 2606 expers,
909 2550 959 2590 et
979 2543 1091 2590 rude
1110 2542 1277 2604 vulgus
1299 2548 1443 2590 erant.

328 2604 423 2655 Pro
446 2607 650 2658 domibus
670 2606 853 2656 frondes
874 2604 1050 2664 n6rant‚
1073 2623 1157 2670 pro
1176 2606 1382 2669 frugibus
1402 2607 1598 2658 herbasz

391 2671 566 2721 Nectar
586 2673 865 2737 erat.palmis
887 2674 1052 2722 hausta
1070 2672 1241 2721 duabus
1262 2686 1391 2735 aqua.
