1842 2966
297 98 392 142 172
637 93 694 142 R
733 91 966 142 OVIDII
1003 90 1303 143 NASONIS

299 223 457 271 Vertit
474 221 709 275 Aristiden
732 225 953 273 Sisenna:
982 241 1066 272 nec
1089 222 1232 272 obfuit
1252 224 1322 272 illi
1355 218 1364 225 ’

367 289 592 336 Historiae
611 298 767 353 turpes
782 291 1031 338 inseruisse
1041 292 1190 353 jocos.
1484 299 1491 307 ·

288 353 408 410 ,Nec
426 354 514 402 fuit
535 357 772 418 opprobrio
794 354 1041 403 celebrasse
1063 354 1294 416 Lycorida
1319 352 1492 412 Gallo,

372 420 463 467 Sed
482 421 687 483 linguam
709 423 849 468 nimio
871 437 966 468 non
991 423 1190 468 tenuisse
1213 436 1355 466 mero.

307 483 508 534 Credere
520 488 697 550 juranti
717 487 877 534 durum
901 494 1031 549 putat
1051 501 1153 532 esse
1172 485 1414 546 Tibullus3

376 552 452 598 Sic
475 554 610 599 etiam
628 553 685 600 de
706 568 755 600 se
775 553 898 614 quod
919 560 1059 614 neget
1079 551 1156 599 illa
1175 552 1290 599 viro.

308 615 488 666 Fallere
508 619 744 665 custodem
766 619 948 665 demum
965 619 1172 664 docuisse
1191 616 1390 674 fatetur3

376 682 526 746 Seque
549 683 631 730 sua
651 685 866 730 miserum
888 699 1010 730 nunc
1032 683 1095 729 ait
1116 690 1214 729 arte
1234 683 1396 744 premi.
1581 682 1685 728 450

311 748 446 810 Saepe
468 749 595 797 velut
615 763 845 812 gemmam
867 750 1065 795 dominae
1088 750 1331 810 signumve
1350 747 1618 809 proban-<³33

378 814 471 861 Per
487 829 691 861 caussam
713 815 921 871 meminit
944 829 992 861 se
1013 815 1218 876 tetigisse
1241 828 1450 859 manum.

314 879 475 940 thue
497 879 646 933 refert,
670 879 824 941 digitis
845 895 967 942 saepe
988 888 1058 926 est
1079 887 1282 940 nutuque
1302 879 1507 935 locutus,

380 945 449 992 Et
468 945 650 991 tacitam
674 960 847 991 mensae
869 946 999 992 duxit
1018 946 1067 991 in
1090 946 1197 991 orbe
1218 951 1390 990 notam.

316 1009 386 1058 Et
407 1010 566 1070 quibus
590 1005 617 1055 ὲ
641 1010 788 1057 succis
809 1011 940 1058 abeat
960 1012 1017 1057 de
1039 1026 1229 1072 corpore
1250 1010 1384 1065 livor,

383 1073 616 1136 Impresso
637 1074 733 1122 fieri
755 1077 832 1137 qui
855 1076 972 1123 solet
993 1093 1084 1131 ore,
1108 1076 1257 1123 docet.

321 1138 540 1202 Denique
562 1142 618 1188 ab
638 1143 820 1189 incauto
842 1144 1032 1189 nimium
1053 1142 1265 1205 petitine
1281 1139 1465 1196 marito,

310 1222 317 1230 ⁴
386 1205 450 1252 Se
470 1221 651 1268 quoque
671 1207 738 1254 uti
759 1217 910 1255 servet
927 1225 943 1266 ;
965 1216 1122 1270 peccet
1143 1215 1195 1255 ut
1215 1207 1293 1253 illa
1307 1204 1478 1253 minus.

319 1269 420 1317 Scit
441 1273 515 1318 cui
535 1272 737 1329 latretur,
756 1271 861 1320 cum
885 1273 1008 1320 solus
1028 1273 1288 1320 obambulat
1305 1271 1413 1318 illex

388 1334 488 1385 Cur
509 1339 645 1385 toties
667 1339 841 1386 clausas
862 1345 1069 1386 exscreet
1090 1344 1198 1386 ante
1217 1338 1356 1385 fores,
1577 1338 1674 1383 460

324 1401 573 1464 Multaque
594 1404 671 1451 dat
691 1404 795 1451 talis
814 1403 926 1451 furti
946 1412 1200 1466 praecepta:
1240 1402 1466 1462 docetque

392 1466 500 1523 Qua
522 1476 678 1532 nuptae
698 1470 874 1532 possint
894 1468 1052 1518 fallere
1074 1471 1129 1516 ab
1151 1477 1248 1516 arte
1271 1469 1409 1515 viros.

326 1533 432 1581 Nec
452 1534 540 1581 fuit
554 1536 642 1583 hoc
663 1534 728 1582 illi
746 1535 896 1584 fraudi
913 1551 930 1592 ;
963 1535 1222 1597 legiturque
1243 1533 1467 1589 Tibullus,

394 1599 461 1645 Et
481 1600 643 1661 placet,
666 1607 714 1647 et
723 1601 823 1663 jam
845 1607 893 1647 te
913 1600 1128 1662 Principe
1150 1607 1288 1646 notus
1304 1606 1416 1647 erat.

329 1663 548 1711 Invenies
569 1666 727 1713 eadem
747 1664 898 1713 blandi
919 1674 1148 1729 praecepta
1171 1664 1407 1726 Properti:
1783 1633 1784 1696 i

394 1728 647 1778 Districtus
667 1727 855 1777 minima
874 1746 962 1777 nec
981 1737 1136 1778 tamen
1154 1731 1232 1778 ille
1254 1728 1363 1777 nota
1381 1735 1465 1776 est.
1783 1705 1784 1780 i

332 1792 428 1841 His
449 1810 538 1856 ego
561 1796 771 1851 successi,
794 1797 1009 1857 quoniam
1031 1797 1293 1858 praestantia
1314 1791 1480 1842 candor
1783 1799 1784 1816 ¹

399 1858 604 1909 Nomina
624 1863 836 1910 vivorum
857 1861 1139 1909 dissimulare
1150 1863 1295 1925 jubet.

336 1925 449 1975 Non
471 1926 615 1984 timui,
637 1927 798 1983 fateor,
823 1943 895 1982 ne,
919 1926 1011 1988 quii
1029 1935 1100 1975 tot
1120 1928 1213 1975 i'ere
1233 1928 1414 1981 carinae,

400 1992 652 2055 Naufraga,
677 1994 867 2039 servatis
887 1994 1110 2049 omnibus,
1132 2009 1224 2040 una
1242 1993 1378 2040 soret.
1565 1992 1655 2037 470

339 2058 460 2105 Sunt
480 2059 578 2105 aliis
600 2058 794 2119 scriptae,
818 2057 979 2119 quibus
1000 2060 1097 2106 alea
1115 2058 1297 2115 luditur,
1322 2064 1451 2105 artes.

401 2122 526 2169 Haec
547 2130 617 2170 est
637 2123 696 2169 ad
716 2131 897 2170 nostros
918 2140 1012 2171 non
1033 2126 1135 2172 leve
1156 2126 1328 2171 crimen
1349 2138 1467 2170 avos.

326 2189 469 2245 >Quid
489 2188 670 2236 valeant
691 2187 801 2246 tali3
825 2204 914 2250 quo
936 2191 1082 2252 possis
1101 2191 1294 2253 plurima
1305 2191 1431 2253 jactu

404 2253 632 2315 Fingere3
656 2253 899 2303 damnosos
914 2255 1165 2318 effingiasve
1186 2271 1336 2303 canes.

342 2318 539 2365 Tessera
559 2326 670 2378 quot
691 2334 906 2366 numeros
920 2321 1112 2371 habeat:
1140 2322 1334 2369 distante
1354 2324 1501 2368 vocato

409 2383 601 2440 Mittere
621 2399 710 2445 quo
733 2384 903 2441 deceat,
929 2401 1018 2447 quo
1035 2386 1142 2434 dare
1163 2389 1304 2434 missa
1325 2385 1466 2432 modo.

343 2447 563 2496 Discolor
584 2460 636 2496 ut
657 2457 781 2497 recto
802 2458 1037 2514 grassetur
1055 2452 1199 2499 limite
1221 2452 1366 2507 miles

409 2511 531 2560 cum
552 2515 726 2563 medius
749 2518 934 2577 gemino
956 2517 1155 2564 calculus
1176 2518 1309 2564 hoste
1329 2516 1450 2580 perit.

344 2577 416 2627 Ut
437 2576 575 2640 mage
594 2581 713 2628 velle
735 2582 862 2642 sequi
878 2582 1004 2637 sciat,
1028 2588 1075 2628 et
1097 2597 1311 2631 revocare
1330 2581 1532 2646 priorem3

408 2642 488 2692 Ne
502 2642 609 2694 ,tuto
628 2645 811 2711 fugiens
831 2647 1123 2697 incomitatus
1144 2653 1233 2696 eat.
1529 2691 1532 2696 .
1558 2643 1645 2689 480
