1842 2966
344 150 439 196 184
590 163 597 168 ⁶
664 146 724 196 1².
754 141 998 194 OVIDII‘
1013 144 1328 196 'NASONIS

828 404 1097 484 ELEGIA
1129 403 1193 453 V.

348 533 483 582 Usus
502 534 712 583 amicitiae
732 543 883 582 tecum
905 534 1016 582 mihi
1036 550 1215 598 parvus,
1238 543 1291 584 ut
1307 535 1442 583 illam

410 598 523 648 Non
545 597 671 664 aegre
692 617 848 664 posses
863 601 1157 656 dissimulare,
1172 600 1260 647 fuit
1277 618 1290 648 ι
1485 651 1490 658 ,

345 663 413 712 Ni
435 681 510 712 me
530 668 791 729 complexus
810 666 971 714 vinclis
986 667 1265 728 propioribus
1285 681 1440 723 esses;

411 729 548 778 Nave
567 730 672 778 mea
690 738 829 779 vento
849 731 1004 778 forsan
1024 738 1163 778 eunte
1184 746 1283 778 suo.

349 794 423 844 Ut
442 797 594 852 cecidi,
617 797 856 855 cunctique
874 803 1004 842 metu
1021 792 1186 858 fugere
1203 797 1362 850 ruinae,

414 859 650 921 Versaque
665 860 874 919 amicitiae
893 866 1029 922 terga
1047 858 1211 907 dedere
1224 876 1372 918 meae3

347 926 506 974 Ausus
527 941 578 971 es
598 926 706 985 igne
717 922 860 971 ·Jovis
881 939 1143 986 percussum
1166 929 1357 987 tangere
1377 940 1570 987 corpus,

415 990 482 1038 Et
504 989 746 1050 deploratae
764 988 905 1036 limen
920 990 1043 1038 adire
1065 989 1240 1036 domfis.

349 1052 496 1115 quue
518 1068 675 1101 recens
695 1061 896 1114 praestas,
920 1070 1005 1110 nec
1021 1055 1161 1116 longo
1189 1056 1402 1117 cognitus
1424 1071 1531 1112 usu,

416 1118 558 1172 Quod
575 1126 782 1166 veterum
803 1120 970 1168 misero
983 1123 1071 1170 ,vix
1091 1120 1181 1167 duo
1195 1127 1348 1167 tresve
1368 1119 1499 1167 mihi.
1640 1124 1700 1167 10

351 1181 462 1230 Vidi
485 1199 573 1247 ego
596 1184 809 1233 confusos
829 1186 996 1241 vultus,
1019 1186 1232 1246 visosque
1252 1184 1408 1233 notavi
1423 1202 1443 1243 3

413 1247 575 1311 Osque
594 1250 781 1298 madens
799 1250 927 1307 fletu,
947 1251 1241 1314 pallidiusque
1260 1266 1365 1297 meo
1379 1269 1393 1297 t

350 1312 420 1363 Et
433 1314 639 1364 lacrimas
660 1332 849 1364 cernens
867 1317 917 1364 in
941 1315 1121 1378 singula
1139 1317 1277 1363 verba
1297 1316 1528 1372 cadentes,

421 1378 515 1427 Ore
530 1397 633 1429 meo
654 1381 875 1437 lacrimas,
898 1382 1079 1429 auribus
1097 1381 1176 1427 illa
1195 1382 1313 1429 bibi:

349 1442 635 1509 Brachiaque
657 1447 809 1510 accepi
829 1454 997 1496 moesto
1018 1439 1261 1510 pendentia
1281 1445 1414 1503 collo,

418 1510 485 1558 Et
500 1512 758 1575 singultatis
777 1514 935 1560 oscula
951 1514 1096 1561 mixta
1115 1513 1254 1560 sonis.

353 1575 469 1625 Sum
489 1593 680 1639 quoque,
706 1576 839 1632 Care,
862 1579 954 1625 tuis
975 1577 1184 1627 defensus
1202 1578 1373 1625 viribus
1388 1578 1548 1626 absens
1561 1595 1576 1625 ε

421 1642 522 1689 Scis
545 1640 715 1690 carum
737 1644 833 1690 veri
848 1643 1045 1690 nominis
1063 1658 1166 1690 esse
1183 1643 1301 1690 loco.

356 1704 599 1767 Multaque
618 1714 838 1768 praeterea
856 1708 1083 1755 manifesti
1106 1709 1236 1770 signa
1255 1707 1424 1755 favoris

423 1769 687 1818 Pectoribus
708 1779 841 1819 teneo
863 1788 958 1819 non
979 1773 1151 1820 abitura
1171 1773 1301 1820 meis.
1618 1777 1680 1821 20

356 1834 426 1882 Di
446 1836 539 1891 tibi,
561 1853 694 1898 posse
714 1845 831 1892 tuoS,
854 1838 1068 1893 tribuant,
1084 1837 1323 1885 defendere
1338 1853 1524 1901 semper,

423 1900 555 1955 Quos
569 1903 617 1949 in
633 1900 820 1948 materia
836 1903 1119 1964 prosperiore
1130 1903 1282 1965 juves.

297 2018 310 2027 ,
357 1965 408 2014 si
429 1973 581 2013 tamen
603 1968 784 2022 interea,
808 1968 916 2027 quid
936 1969 985 2013 in
1007 1968 1076 2015 his
1091 1983 1180 2029 ego
1200 1968 1402 2029 perditus
1421 1969 1521 2022 oris,

423 2031 586 2094 (Quod
603 2038 649 2077 te
669 2031 877 2078 credibile
897 2038 968 2078 est
987 2030 1210 2091 quaerere)
1234 2034 1413 2091 quaeris,
1429 2033 1589 2095 agam?

328 2126 334 2132 ·
356 2094 449 2157 Spe
469 2097 620 2142 trahor
641 2093 806 2156 exigua
828 2096 986 2158 (quam
1002 2103 1054 2142 tu
1075 2096 1184 2142 mihi
1206 2096 1386 2144 demere
1408 2097 1516 2159 noli)

420 2160 590 2207 Tristia
608 2159 738 2205 leniri
760 2160 946 2206 numina
966 2175 1099 2222 posse
1120 2160 1228 2207 Dei.

356 2224 447 2273 Seu
471 2232 641 2271 temere
655 2230 881 2285 exspecto,
903 2225 1000 2271 sive
1015 2226 1061 2272 id
1081 2226 1346 2288 contingere
1364 2227 1435 2274 fas
1450 2235 1539 2285 θεὶς

421 2289 498 2336 Tu
519 2289 642 2342 mihi,
665 2289 784 2349 quod
804 2289 947 2350 cupio,
970 2290 1039 2336 fas
1064 2289 1266 2354 (precor)
1290 2307 1390 2338 esse
1411 2294 1550 2354 proba.

356 2353 564 2413 Quaeque
583 2353 662 2399 tibi
683 2353 853 2415 linguae
874 2361 945 2400 est
963 2354 1182 2411 facundia,
1206 2356 1364 2404 confer
1382 2357 1432 2404 in
1450 2357 1562 2413 illud,

422 2417 492 2464 Ut
514 2417 672 2464 doceas
693 2425 851 2465 votum
874 2434 1009 2479 posse
1029 2421 1180 2467 valere
1200 2428 1368 2468 meum.
1407 2473 1417 2484 .
1607 2430 1672 2473 30

357 2482 465 2537 Quo
486 2483 726 2543 quis-enim
748 2485 903 2545 major,
925 2485 1073 2546 magi‘s
1095 2492 1164 2532 est
1183 2486 1413 2548 placabilis
1434 2487 1537 2544 irae3

420 2546 487 2592 Et
506 2546 658 2594 faciles
678 2556 830 2596 motus
851 2564 979 2595 mens
1000 2564 1221 2611 generosa
1243 2553 1378 2613 capit.

354 2607 560 2672 Corpora
580 2614 869 2674 magnanimo
889 2615 1000 2660 satis
1021 2622 1093 2661 est
1111 2615 1362 2676 prostrasse
1383 2616 1522 2663 leoni:

418 2674 585 2739 Pugna
606 2693 737 2730 suum
758 2678 908 2735 finem,
932 2675 1035 2725 cum
1048 2680 1175 2744 ¹jacet
1196 2681 1353 2737 bostis,
1375 2681 1515 2736 babet.
