1842 2966
269 172 340 223 m
599 161 927 215 1²:³0V1D11
959 161 1260 214 NASONIS

275 296 396 350 Inde
414 311 628 361 premens
649 297 812 345 stivam
834 297 1047 360 designat
1065 297 1238 346 moenia
1258 298 1387 347 sulco
1406 316 1421 347 z

349 363 472 412 Alba
481 365 649 427 jugum
670 365 807 412 niveo
829 378 935 409 cum
955 363 1074 411 bove
1094 377 1235 410 vacca
1254 364 1374 411 tulit.

282 428 398 479 Vox
416 429 505 476 fuit
525 429 625 477 haee
646 428 818 492 Regis:
859 427 1090 477 Condenti
1110 426 1289 490 Jupiter
1310 431 1495 489 urbem,

351 495 421 544 Et
441 496 624 558 genitor
639 494 846 550 Mavors,
867 493 1105 555 Vestaque
1124 500 1270 541 mater
1289 495 1399 553 ades
1414 514 1432 544 a

287 561 513 623 Quosque
524 561 651 623 pium
674 567 745 608 est
759 560 968 606 adhibere
990 557 1135 614 Deos,
1157 559 1378 608 advertite
1400 562 1579 608 cuncti
1596 580 1611 609 ε

353 627 627 689 Auspicibus
646 624 776 674 vobis
794 626 883 671 hoc
905 624 1018 670 mihi
1038 630 1195 686 surgat
1216 639 1344 686 opus.
1551 631 1674 676 830

288 691 460 755 Longa
481 693 541 739 sit
560 692 665 738 huie
686 696 812 744 seta&
835 689 1120 751 dominaeque
1131 689 1342 752 potentia
1360 697 1507 740 terrae
1527 709 1546 740 t

356 759 514 820 Sitque
537 758 618 804 sub
639 754 724 802 hac
747 755 896 801 oriens
917 755 1219 815 occiduusque
1239 755 1350 803 dies.

288 822 378 872 Iue
400 823 677 886 precabatur.
710 817 910 866 Tonitru
932 820 1056 866 dedit
1076 821 1231 866 omina
1250 820 1371 869 laevo

359 887 570 949 Jupiter:
611 892 657 932 et
677 884 798 931 laevo
818 884 1011 932 fulmina
1030 886 1170 932 missa
1188 885 1308 948 polo.

267 972 273 981 ·
292 953 504 1015 Augurio
525 951 620 998 laeti
633 951 814 1013 jaciunt
831 949 1240 998 fundaminacives
1256 968 1272 1008 3

357 1017 426 1065 Et
440 1031 588 1063 novus
608 1016 778 1078 exiguo
798 1022 1004 1078 ternpore
1023 1031 1179 1062 murus
1200 1023 1317 1070 erat,

294 1081 407 1130 Hoc
432 1080 568 1131 Celer
588 1087 755 1144 urguet
775 1097 902 1144 opus,
925 1096 1061 1141 quem
1074 1080 1303 1131 Romulus
1317 1081 1416 1144 ipse
1426 1080 1652 1143 νοσῶ-αἱς

361 1147 566 1208 Sintque,
593 1145 742 1203 Celer,
766 1162 902 1202 curae,
926 1147 1112 1202 dixerat,
1135 1147 1224 1193 ista
1243 1154 1351 1194 tuae.

300 1212 440 1261 Neve
457 1213 561 1274 quis
584 1219 664 1259 aut
682 1227 852 1267 muros,
874 1218 956 1260 aut
975 1210 1140 1259 factam
1160 1227 1347 1260 vomere
1367 1212 1542 1260 fossam

355 1276 597 1335 Transeat,
619 1279 860 1326 audentem
881 1277 991 1325 talia
1010 1277 1123 1324 dede
1142 1277 1258 1324 neci.
1543 1284 1650 1328 840

297 1342 439 1400 Quod
460 1343 637 1392 Remus
658 1344 889 1405 ignorans,
911 1343 1104 1390 humiles
1126 1348 1416 1390 contemnere
1436 1359 1600 1393 muros

361 1407 547 1472 coepit=
585 1415 645 1466 et,
669 1407 764 1456 His
784 1410 991 1472 populus,
1014 1408 1176 1463 dicere,
1198 1414 1322 1455 tutus
1343 1409 1458 1459 erit?

296 1474 404 1524 Nec
425 1492 566 1533 mors,
588 1475 830 1524 transiluit.
861 1473 1015 1522 Rutro
1039 1471 1175 1522 Celer
1194 1481 1385 1537 occupat
1400 1490 1575 1524 ausum.

366 1540 453 1588 Ille
474 1542 637 1605 premit
658 1541 816 1589 duram
838 1540 1211 1602 sanguinolentus
1230 1540 1434 1588 humum.

304 1605 429 1654 Haec
449 1608 524 1654 ubi
546 1606 654 1653 Rex
674 1605 841 1659 didicit,
860 1606 1069 1651 lacrimas
1089 1606 1311 1652 introrsus
1331 1607 1508 1654 obortas

348 1671 591 1730 ¹Devorat⁹
613 1676 661 1717 et
681 1670 885 1718 clausum
905 1677 1089 1731 pectore
1109 1671 1274 1718 vulnus
1294 1672 1443 1719 habet.

302 1731 439 1786 Flere
459 1733 608 1799 palam
623 1750 717 1782 non
737 1736 848 1791 vult,
870 1735 1167 1797 exemplaque
1185 1735 1322 1784 fortia
1339 1745 1514 1784 servat:

314 1823 321 1828 -
369 1801 534 1863 Sicque
556 1815 684 1849 meos
704 1815 860 1848 muros
873 1807 1072 1847 transeat
1093 1801 1248 1856 hostis,
1271 1802 1348 1849 ait.

304 1866 406 1915 Dat
426 1873 578 1914 tamen
598 1866 864 1927 exsequias:
903 1882 989 1913 nec
1001 1867 1099 1928 jam
1122 1867 1395 1928 suspendere
1417 1865 1565 1916 fletum

371 1932 575 1981 Sustinet
590 1948 606 1990 3
640 1938 688 1979 et
706 1931 850 1994 pietas
870 1932 1150 1979 dissimulata
1167 1938 1306 1994 patet.
1534 1937 1632 1983 850

286 1997 566 2066 „Osculaque
580 1997 794 2060 adplicuit
812 1996 961 2059 posito
982 2012 1191 2060 suprema
1208 1995 1376 2045 feretro
1392 2015 1405 2044 z

202 2115 208 2128 Ι
369 2063 527 2123 Atque
547 2063 630 2110 sit:
671 2060 827 2108 Invito
839 2061 979 2109 frater
1000 2062 1189 2118 adetum,
1212 2062 1328 2109 vale.

306 2129 599 2189 Arsurosque
612 2134 737 2174 artus
757 2128 918 2174 unxit:
955 2127 1118 2181 fecere,
1139 2127 1261 2188 quod
1279 2127 1368 2182 ille,

371 2191 701 2248 Faustulum-et
722 2199 909 2239 moestas
930 2192 1060 2242 Acca
1080 2193 1228 2240 soluta
1248 2207 1414 2240 comas.

288 2256 431 2307 ‚Tum
441 2258 662 2321 juvenem
683 2258 884 2304 nondum
903 2257 1013 2305 facti
1033 2257 1199 2305 flevere
1220 2257 1446 2312 Quirites:
1537 2295 1544 2302 f

375 2322 553 2371 Ultima
569 2322 746 2384 plorato
769 2323 945 2371 subdita
963 2323 1147 2370 flamma
1166 2338 1296 2385 rogo.

310 2386 438 2436 Urbs
457 2387 598 2435 oritur
621 2388 746 2452 (quis
765 2396 876 2436 tunc
896 2389 985 2436 hoc
1005 2388 1086 2435 ulli
1106 2388 1457 2452 credere-posset
1470 2387 1510 2450 Ρ)

373 2451 612 2500 Victorem
631 2455 764 2502 terris
783 2454 1048 2517 impositura
1063 2453 1241 2515 pedem.
1511 2463 1517 2474 ⁸

310 2515 493 2567 Cuncta
511 2533 670 2581 regas:
699 2527 746 2568 et
767 2519 829 2566 sis
849 2534 1019 2582 magno
1040 2519 1124 2565 sub
1146 2516 1332 2566 Caesare
1351 2533 1533 2582 sempera

375 2583 508 2646 Saepe
528 2585 665 2631 etiam
684 2585 841 2648 plures
856 2584 1052 2632 nominis
1071 2583 1205 2645 hujus
1225 2584 1351 2630 habe.
1507 2588 1617 2632 .860

311 2646 380 2696 Et
399 2651 577 2709 quoties
597 2650 775 2698 steteris
797 2649 968 2696 domito
991 2647 1191 2696 sublimis
1213 2648 1260 2694 in
1282 2649 1401 2703 orbe,

376 2713 544 2763 Omnia
564 2716 655 2765 sint
675 2715 874 2765 humeris
895 2713 1108 2765 inferiora
1127 2713 1232 2761 tuis.
