1842 2966
307 184 619 239 EPISTOL.
653 183 754 235 Ex
788 181 1022 235 PONTO
1055 185 1164 235 Lm.
1185 185 1280 253 111.
1313 191 1360 239 7.
1421 194 1537 240 30¹7.

135 317 358 366 *Nostra
377 320 483 381 quid
506 319 711 381 adportet
720 317 819 379 jam
842 314 986 364 nostis
1006 318 1206 378 epistola,
1230 321 1438 381 quamvis

239 381 422 432 Charta
441 386 501 432 sit
521 379 549 431 d
563 383 725 431 vinclis
747 398 840 430 non
860 381 1078 429 labefacta
1099 385 1206 430 suis.

155 448 317 511 Ergo
333 456 534 497 mutetur
554 449 697 495 nostri
713 448 936 495 sententia
950 447 1117 509 scripti,

242 512 329 561 Ne
349 516 484 561 toties
506 512 676 567 contre,
698 510 831 574 quam
854 514 972 574 rapit
992 514 1150 568 amnis,
1173 529 1289 561 eam.

161 576 325 633 Quod
343 579 459 627 bene
481 580 538 627 de
557 579 687 626 vobis
708 579 895 639 speravi,
917 578 1154 639 ignoscite,
1176 580 1335 627 amici:

239 642 380 692 Talia
394 645 605 707 peccarffli
620 645 717 706 jam
739 644 848 689 mihi
870 642 972 688 finis
996 643 1094 690 erit.
1457 651 1520 695 10

160 707 285 756 Nec
307 710 462 771 gravis
477 710 609 757 uxori
630 710 773 755 dicar:
812 724 916 768 quae
932 708 1104 755 scilicet
1125 709 1172 755 in
1194 725 1270 756 me

242 771 401 829 Quam
423 775 571 837 proba,
593 781 689 820 tam
709 773 866 820 timida
879 780 963 827 est,
986 775 1309 836 experiensque
1322 790 1494 837 parum.

164 837 307 886 Haec
327 854 519 901 quoque,
544 839 687 894 Naso,
707 838 852 904 feres:
880 838 1048 885 etenim
1070 840 1222 901 pejora
1242 840 1401 888 tulisti.

238 902 351 952 Jam
374 906 453 950 tibi
475 905 629 954 sentiri
651 904 826 951 sarcina
845 904 972 950 nulla
990 911 1153 966 potest.

164 968 364 1017 Ductus
386 971 442 1016 ab
461 976 668 1017 armento
686 977 844 1016 taurus
864 970 1086 1020 detrectat
1105 976 1320 1026 aratrum,

239 1027 474 1082 Subtrahit
493 1043 541 1082 et
562 1035 674 1081 duro
694 1034 812 1080 colla
832 1034 1012 1081 novella
1021 1036 1155 1096 jugo.

164 1097 293 1155 Nos,
316 1101 479 1162 quibus
499 1100 705 1147 adulavit
722 1099 865 1146 fatum
888 1100 1128 1146 crudeliter
1149 1102 1229 1156 uti,

234 1164 318 1212 Ad
338 1165 456 1212 mala
466 1167 565 1227 jam
586 1165 760 1227 pridem
782 1180 875 1211 non
898 1178 1055 1209 sumus
1078 1165 1170 1212 ulla
1190 1167 1340 1215 rudes.

165 1229 400 1277 Venimus
419 1231 478 1277 in.
490 1230 683 1278 Geticos
702 1228 839 1285 fines;
862 1228 1109 1273 moriamur
1124 1229 1171 1275 in
1193 1231 1281 1278 illis
1299 1250 1310 1278 ε

169 1331 174 1336 .
236 1293 473 1356 Parcaque
493 1295 551 1342 ad
570 1290 839 1348 extremum',
861 1290 953 1352 qud
971 1306 1074 1338 mea
1095 1296 1248 1354 coepst,
1271 1303 1359 1342 eat.
1445 1303 1511 1346 20

169 1360 311 1425 Spem
324 1360 458 1422 juvet
472 1360 706 1421 amplecti3
729 1374 836 1420 quae
857 1360 1091 1419 nonJuvat
1111 1358 1237 1405 irrita
1258 1375 1458 1423 semper3

235 1425 305 1474 Et
324 1423 420 1473 fieri
442 1426 595 1489 cupias
611 1426 649 1472 si
670 1440 774 1486 qua,
794 1424 948 1470 futura
968 1429 1115 1485 putes.

165 1491 418 1540 Proximus
439 1493 543 1539 huic
563 1492 733 1554 gradus
753 1497 837 1545 est,
858 1491 975 1537 bene
995 1489 1235 1552 desperare
1248 1491 1454 1548 salutm»,

235 1556 387 1618 Seque
407 1557 549 1604 semel
563 1554 672 1603 vere
692 1558 808 1603 scire
827 1555 998 1618 perisse
1011 1554 1114 1602 fide.

167 1621 386 1673 Curando
407 1620 504 1669 fieri
524 1622 730 1683 quaedam
751 1622 924 1683 majora
945 1621 1150 1666 videmus

232 1686 452 1743 Vulnera,
469 1703 572 1749 quae
592 1687 755 1753 melius
776 1702 867 1733 non
882 1686 1090 1747 tetigisse
1109 1685 1210 1733 fuit.

165 1749 335 1806 Mitius
355 1752 431 1800 ille
450 1753 579 1815 perit,
603 1751 749 1799 arbita
768 1754 842 1812 qui
866 1752 1088 1813 mergitur
1108 1750 1230 1798 undi
1241 1769 1257 1809 3

231 1814 384 1874 Quim
407 1833 490 1864 sua
508 1818 585 1879 qui
606 1817 790 1865 tumidis
807 1817 990 1875 brachia
1009 1816 1149 1863 lasset
1167 1817 1310 1878 aquia.

168 1883 270 1934 Cur
288 1899 379 1945 ego
400 1883 587 1945 concepi
611 1883 835 1943 Scythicis
857 1897 933 1928 me
953 1897 1087 1943 posse
1101 1896 1256 1929 carere

233 1947 434 2003 Finibus,
457 1955 505 1995 et
526 1945 649 1994 terni
666 1948 950 2009 prosperiore
968 1947 1093 1993 frui?
1434 1952 1504 1998 30

166 2013 267 2066 Cur
287 2013 456 2074 aliquid
469 2014 528 2059 de
546 2028 620 2059 me
642 2014 818 2075 speravi
836 2013 986 2059 lenius
1006 2027 1220 2072 umquam
1235 2008 1259 2057 :³

230 2079 310 2127 An
331 2077 538 2126 Fortuna
550 2078 661 2124 mihi
682 2079 747 2125 sic
768 2093 871 2125 mea
891 2085 1001 2124 nota
1021 2077 1108 2124 fuit
1120 2077 1144 2121 Ρ

164 2143 402 2206 Torqueor
422 2159 481 2190 en
501 2142 721 2205 gravius3
753 2144 1031 2206 repetitaque
1049 2142 1197 2190 forma
1216 2142 1419 2190 locorum

233 2209 460 2257 Exsilium
481 2216 672 2256 renovat
685 2209 827 2264 triste,
851 2224 1098 2269 recensque
1117 2207 1239 2255 facit.

166 2275 260 2325 Est
279 2280 429 2322 tamen
451 2274 618 2329 utilius,
641 2275 839 2321 studium
860 2272 1063 2320 cessasse
1083 2289 1302 2329 meorum,

234 2337 398 2394 Qum
422 2355 533 2402 quas
555 2336 791 2394 admdrint,
816 2354 909 2385 non
933 2339 1129 2386 valuisse
1143 2347 1313 2400 preces,

166 2405 344 2468 Magna
361 2405 543 2466 quidem
566 2420 638 2452 res
659 2414 743 2459 est,
765 2420 902 2464 quam
926 2419 1019 2450 non
1041 2404 1228 2459 audetis,
1252 2403 1383 2452 amici
1397 2422 1411 2451 ι

236 2469 325 2518 Sed
340 2470 377 2516 si
398 2470 502 2531 quis
522 2476 707 2531 peteret,
730 2470 806 2530 qui
830 2470 937 2515 dare
958 2469 1107 2523 vellet,
1126 2476 1236 2516 erat.

169 2534 431 2593 Dummodo
448 2535 691 2583 non.vobis
713 2536 802 2581 hoc
824 2532 1023 2582 Caesaris
1038 2535 1105 2580 ira
1119 2533 1311 2598 negarit,
1524 2576 1527 2581 .

236 2600 429 2650 Fortiter
450 2599 649 2649 Euinis
669 2599 978 2648 immoriemur
998 2599 1141 2661 aquis.
1436 2603 1500 2646 40
