1842 2966
351 120 450 166 206
695 114 754 164 Ρ.
783 113 1020 165 OVIDII
1053 115 1354 170 NASONIS

354 244 473 301 Nec,
494 244 600 307 quia
619 242 728 295 Rex
746 246 905 293 mundi
926 250 1206 309 compescuit
1226 250 1414 312 ignibus
1433 251 1603 317 ignes,

420 308 528 373 Ipse
547 311 650 367 tuis,
675 308 929 368 Phaethon,
949 311 1216 361 inficiandus
1237 330 1352 362 eras.

354 374 459 422 Nec
483 375 661 425 Semele
683 374 860 426 Cadmo
879 377 1002 424 facta
1022 385 1093 424 est
1114 379 1262 427 aliena
1279 384 1481 442 parenti,

421 438 562 495 Qudd
579 443 786 505 precibus
805 443 941 504 periit
960 443 1194 492 ambitiosa
1214 446 1319 493 suis.

355 502 460 552 Nec
482 506 574 562 tibi,
596 504 719 570 quod
739 508 874 554 saevis
895 522 985 570 ego
1006 523 1107 555 sum
1129 508 1163 558 J
1163 511 1262 556 ovis
1283 510 1473 574 ignibus
1497 513 1642 574 ictus,

423 569 684 635 Purpureus
703 573 828 620 molli
849 571 929 619 fiat
948 574 997 619 in
1020 588 1100 620 ore
1120 576 1282 623 rubort
1658 583 1716 629 70
1787 607 1788 616 1

359 634 452 683 sed
472 638 619 701 magis
640 638 688 685 in
710 638 851 685 nostri
872 653 1027 685 curam
1050 654 1274 702 consurge
1295 642 1454 689 tuendi
1471 661 1488 691 ε

422 700 788 765 Exemplumque
807 703 918 749 mihi
942 704 1150 766 conjugis
1172 713 1270 752 esto
1290 706 1454 755 bonae:

359 765 694 829 Mater-iamque
714 768 804 815 tuis
825 768 999 815 tristem
1020 769 1261 817 virtutibus
1281 771 1437 833 imple.

425 833 584 881 Ardua
603 847 684 895 per
702 847 905 895 praeceps
927 833 1074 894 gloria
1092 835 1227 881 vadat
1246 836 1346 882 iter.

361 895 570 944 Hectora
587 897 689 959 quis
711 893 878 952 ndsset,
902 898 941 945 si
962 897 1075 945 felix
1093 897 1235 961 Troja
1252 899 1451 949 fuisset?

426 959 613 1009 Publica
633 960 809 1009 Virtuti
830 978 913 1024 per
933 964 1056 1011 mala
1074 964 1195 1012 facta
1214 964 1291 1013 via
1312 972 1398 1014 est.

361 1025 456 1073 Ars
477 1033 567 1089 tua,
590 1024 758 1093 Tiphy,
773 1027 908 1090 jacet,
934 1029 973 1076 si
994 1044 1088 1076 non
1110 1030 1169 1075 sit
1191 1031 1239 1077 in
1261 1045 1449 1093 aequore
1466 1032 1672 1083 fluctus:

428 1090 479 1137 si
498 1091 680 1138 valeant
698 1092 921 1149 homines,
944 1108 1018 1147 ars,
1039 1102 1129 1151 tua,
1155 1093 1342 1153 Phoebe,
1355 1098 1505 1159 jacet.

363 1154 485 1210 Quae
504 1155 629 1213 latet,
650 1157 789 1217 inque
807 1158 940 1205 bonis
960 1167 1108 1208 cessat
1128 1175 1224 1207 non
1244 1164 1433 1225 cognita
1452 1165 1609 1223 rebus,

425 1219 630 1282 Adparet
648 1222 793 1270 virtus
815 1225 1107 1287 arguiturque
1126 1226 1272 1274 malis.
1651 1235 1709 1278 80

362 1282 463 1333 Dat
483 1286 563 1343 tibi
584 1294 741 1336 nostra
759 1288 912 1335 locum
934 1291 1053 1337 tituli
1076 1289 1313 1351 Fortuna3
1346 1300 1581 1357 caputque

427 1348 736 1415 conspicuum
754 1355 899 1415 pietas
920 1352 1012 1415 quii
1031 1362 1110 1403 tua
1130 1357 1260 1403 tollat
1280 1359 1429 1406 habet.

344 1413 509 1463 ‘Utere
528 1418 816 1481 temporibus,
838 1434 1033 1480 quorum
1056 1436 1178 1468 nunc
1200 1437 1387 1472 munere
1407 1422 1533 1475 freta
1554 1442 1619 1474 es.

426 1479 506 1531 En
525 1490 653 1546 patet
672 1485 720 1532 in
740 1485 896 1533 laudes
916 1500 1023 1535 area
1041 1487 1133 1535 lata
1154 1494 1269 1535 tuas.

837 1676 1108 1730 ELEGIA
1139 1678 1231 1735 lv.

362 1803 408 1853 O
431 1819 532 1862 0111,
555 1806 810 1856 nominibus
831 1804 937 1873 culm
959 1810 1022 1858 sis
1042 1825 1293 1874 generosus
1314 1814 1465 1872 avitis,

426 1870 691 1934 Exsuperas
712 1888 890 1922 morum
913 1876 1143 1926 nobilitate
1162 1893 1311 1940 genus
1326 1896 1341 1926 z

363 1932 512 2049 eugas
531 1937 650 1986 inest
669 1940 821 1987 animo
841 1941 973 2003 patrii
995 1943 1199 2003 candoris
1214 1944 1382 2007 imago,

412 2042 415 2047 .
479 2016 539 2050 on
561 2010 713 2051 careat
732 2007 883 2052 nervis
904 2007 1074 2054 candor
1095 2014 1147 2055 ut
1166 2009 1255 2056 iste
1276 2010 1401 2057 suist

365 2063 510 2129 Cujus
530 2067 578 2114 in
594 2068 786 2130 ingenio
806 2072 965 2131 patriae
985 2071 1194 2120 facundia
1213 2074 1387 2136 linguae
1408 2081 1495 2132 est,

432 2130 541 2186 Qua
559 2133 682 2194 prior
701 2134 750 2181 in
773 2132 908 2181 Latio
929 2152 1022 2184 non
1042 2137 1130 2186 fuit
1151 2139 1243 2186 ulla
1264 2138 1417 2187 Foro:

364 2193 503 2253 Quod
524 2194 711 2245 minime
733 2199 869 2256 volui,
892 2202 1051 2263 positis
1071 2219 1153 2265 pro
1176 2204 1360 2252 nomine
1381 2204 1529 2269 signis

428 2259 600 2308 Dictus
621 2276 686 2309 es.
736 2261 958 2326 Ignoscas
979 2267 1181 2316 laudibus
1203 2270 1293 2317 ista
1312 2270 1419 2318 tuis.

359 2323 448 2374 Nil
467 2341 558 2388 ego
577 2329 791 2387 peccavi:
831 2335 909 2376 tua
931 2337 978 2377 te
996 2333 1115 2380 bona
1136 2335 1320 2395 cognita
1338 2333 1551 2396 produnt.
1787 2364 1788 2373 κ

429 2389 494 2446 Si,
507 2391 638 2450 .quod
658 2407 721 2447 es,
745 2394 929 2456 adpares
946 2398 1129 2458 3-culpa
1149 2399 1299 2446 soluta
1317 2413 1421 2446 mea
1440 2405 1525 2446 est.
1639 2401 1697 2445 10
1787 2386 1788 2455 l

359 2450 468 2514 Nec
488 2460 640 2502 tamen
662 2457 858 2504 officium
881 2468 1037 2508 nostro
1059 2463 1139 2509 tibi
1160 2464 1359 2511 carmine
1377 2462 1562 2520 factum

427 2515 639 2580 Principe
659 2527 753 2568 tam
765 2524 907 2584 Justo,
929 2539 1065 2586 posse
1086 2541 1251 2575 nocere
1268 2535 1392 2589 puta.

364 2577 474 2644 lpse
494 2579 634 2629 Pater
656 2582 837 2642 Patriae,
862 2589 993 2652 (quid
1013 2591 1135 2639 enim
1154 2592 1333 2639 civilius
1351 2592 1431 2641 ino
1439 2589 1500 2654 7)

426 2644 632 2695 Sustinet
649 2648 697 2697 in
719 2659 876 2702 nostro
896 2655 1094 2706 carmine
1115 2668 1239 2720 saepe
1255 2654 1367 2719 legi.
