1842 2966
254 130 324 178 9⁶
586 126 643 175 P.
678 124 913 175 ovmn
944 124 1250 194 NAsoms

258 256 375 307 Jura
395 258 528 305 dabat
538 259 714 322 populo
736 259 914 306 senior:
941 257 1159 320 finitaque
1179 258 1316 307 certis

325 312 529 386 Legibus
549 332 620 371 est
641 332 767 381 aetas,
791 325 912 372 unde
932 331 1110 386 petatur
1132 325 1292 372 honos.

260 387 327 437 Et
348 389 523 437 medius
534 391 773 452 juvenum,
795 405 890 437 non
911 390 1249 451 indignantibus
1270 390 1396 457 ipsis,

326 451 452 502 Ibat:
482 461 530 502 et
550 456 751 510 interior,
775 456 814 502 si
835 470 992 502 comes
1014 470 1131 501 unus
1151 462 1262 503 erat.

266 517 423 567 Verba
444 521 546 582 quis
567 522 752 568 auderet
773 534 926 568 coram
949 535 1058 567 sene
1078 520 1218 582 digna
1237 520 1406 569 rubore

324 584 496 633 Dicere
503 603 519 644 ;
543 601 779 634 censuram
801 586 943 647 longa
962 592 1144 633 senecta
1164 586 1312 633 dabat.
1559 593 1640 641 ¹70

242 647 488 699 ‘Romulus
506 654 595 699 hoc
621 652 764 698 vidit:
794 651 1048 712 selectaque
1068 657 1266 713 pectora,
1290 649 1465 700 Patres

322 715 474 764 Dixit.
520 718 598 763 Ad
619 718 702 763 hos
727 714 868 763 Urbis
887 729 1067 763 summa
1086 714 1230 762 relata
1248 729 1403 765 novae.

261 780 391 829 Hinc
413 798 496 830 sua
515 783 709 844 maJores
729 780 936 842 posuisse
956 780 1177 828 vocabula
1196 779 1329 844 Maio

325 846 529 909 Tangor,
552 854 598 892 et
620 845 746 892 aetati
766 845 1049 893 consuluisse
1071 861 1183 893 suae.

260 910 328 960 Et
345 911 564 959 Numitor
584 911 753 958 dixisse
771 914 935 974 potest,
959 909 1053 966 Da,
1076 910 1291 969 Romule,
1312 926 1538 963 mensem
1607 926 1616 929 “

327 976 472 1023 Hunc
493 972 706 1033 senibus3
731 991 817 1022 nec
838 992 977 1025 avum
998 976 1266 1024 sustinuisse
1286 993 1448 1040 nepos-

262 1040 315 1088 N
317 1057 368 1087 ec
391 1041 492 1089 leve
511 1041 743 1104 praepositi
763 1042 930 1105 pignus
947 1057 1182 1090 successor
1202 1044 1392 1093 honoris

328 1104 362 1155 J
364 1106 511 1161 unius,
533 1103 795 1168 aju'venum
819 1108 1007 1154 nomine
1026 1108 1187 1165 dictus,
1209 1109 1357 1157 habet.

263 1169 386 1219 Tum
411 1171 489 1227 sic,
513 1172 748 1234 neglectos
762 1171 929 1220 hedera
949 1173 1155 1221 redimita
1175 1173 1378 1236 capillos,
1609 1188 1616 1192 ·

323 1235 480 1284 Prima
499 1237 570 1284 sui
591 1238 730 1301 coepit
754 1237 989 1301 Calliopea
1004 1239 1129 1288 chori
1148 1256 1161 1286 z
1552 1247 1631 1294 80

265 1299 482 1350 Duxerat
503 1301 716 1351 Oceanus
737 1304 965 1366 quondam
986 1303 1201 1352 Titanida
1219 1303 1425 1367 Tethyn,

223 1390 227 1395 ·
331 1365 425 1422 Qui
448 1375 612 1416 terram
634 1369 828 1431 liquidis,
851 1368 944 1432 qua
962 1376 1100 1431 patet,
1124 1371 1263 1417 ambit
1285 1373 1430 1433 aquis.

267 1431 398 1480 Hinc
421 1442 516 1483 sata
539 1433 730 1482 Pleione
751 1451 857 1482 cum
878 1433 1083 1483 coelifero
1105 1433 1296 1486 Atlante

325 1498 360 1548 J
361 1502 559 1563 ungitur,
583 1509 635 1549 ut
654 1501 776 1549 fama
795 1508 895 1558 est;
919 1500 1219 1563 Pleiadasque
1238 1503 1373 1564 parit.

204 1595 209 1602 -
267 1566 476 1621 Quarum
499 1567 630 1631 Maja
643 1583 747 1614 suas
768 1566 917 1629 forma
938 1565 1175 1629 superasse
1196 1583 1375 1617 sorores

330 1621 558 1688 Traditur,
575 1639 624 1678 et
638 1648 817 1679 summo
839 1632 1135 1679 concubuisse
1146 1630 1270 1681 Jovi.

266 1696 392 1744 Haec
412 1698 547 1745 enixa
558 1698 677 1760 jugo
697 1696 1009 1759 cupressiferae
1033 1695 1253 1759 Cyllenes

331 1761 595 1810 AEtherium
615 1761 789 1809 volucri
811 1763 888 1825 qui
908 1763 1024 1825 pede
1044 1764 1186 1825 carpit
1206 1764 1307 1811 iter.

263 1827 466 1875 Arcades
481 1828 617 1883 hunc,
640 1826 892 1890 Ladonque
912 1842 1065 1890 rapax,
1088 1836 1136 1875 et
1158 1828 1391 1878 Maenalos
1411 1830 1604 1896 iugem·

329 1891 440 1940 Rite
456 1893 624 1950 colunt,
650 1891 787 1940 Luna
807 1893 977 1942 credita
998 1901 1117 1944 terra
1135 1895 1272 1957 prior.
1553 1906 1636 1951 90

263 1957 414 2007 Exsul
435 1959 491 2006 ab
514 1957 724 2008 Arcadiis
745 1957 906 2008 Latios
926 1959 1141 2007 Evander
1161 1961 1208 2006 in
1230 1976 1371 2024 agros

331 2023 562 2071 Venerat:
590 2024 825 2086 impositos
847 2024 1147 2087 attisseratque
1167 2025 1315 2074 Deos.

264 2088 375 2143 Hic,
405 2089 479 2135 ubi
502 2104 622 2136 nunc
643 2089 797 2140 Roma
816 2097 888 2138 est
907 2091 1027 2139 orbis
1047 2098 1196 2155 caput,
1218 2092 1351 2139 arbor
1370 2099 1420 2142 et
1437 2093 1645 2158 herba,

328 2153 396 2201 Et
416 2169 571 2216 paucae
591 2155 800 2216 pecudes,
821 2163 870 2204 et
888 2170 998 2205 casa
1015 2171 1116 2205 rara
1132 2155 1235 2204 fuit.
1449 2199 1454 2204 .

267 2218 377 2275 Quo
397 2226 635 2281 postquam
657 2227 876 2279 ventum;
902 2220 1165 2279 consistite,
1186 2222 1379 2285 praescia
1398 2230 1570 2285 mater,

333 2283 458 2330 Nam
481 2284 609 2332 locus
629 2286 803 2349 imperii
826 2303 903 2334 rus
923 2288 1010 2334 erit
1030 2287 1165 2343 istud,
1189 2287 1266 2335 ait.

267 2347 335 2397 Et
357 2350 491 2398 matri
511 2356 558 2396 et
578 2351 672 2398 vati
690 2359 817 2414 paret
838 2351 1098 2401 Nonacrius
1118 2353 1282 2411 beros;

332 2412 480 2474 Inque
500 2412 737 2478 peregrina
752 2418 955 2465 constitit
975 2419 1139 2479 hospes
1161 2419 1316 2465 humo.
1429 2447 1436 2450 4

271 2478 500 2540 Sacraque
520 2480 664 2529 multa
677 2483 869 2543 quidem,
894 2484 975 2531 sed
998 2481 1144 2530 Fauni
1164 2484 1311 2545 prima
1329 2482 1538 2536 bicornis

337 2542 443 2591 Has
463 2545 616 2592 docuit
634 2555 811 2609 gentes,
832 2548 1107 2610 alipedisque
1127 2546 1237 2595 Dei.
1515 2555 1620 2604 ιω

269 2607 539 2672 Semieaper,
561 2611 722 2659 coleris
741 2613 967 2669 cinctutis,
989 2611 1161 2669 Faune,
1184 2611 1405 2675 Lupercis
1420 2629 1458 2675 ς*

334 2671 454 2725 oum
474 2675 668 2727 lustrant
687 2677 885 2730 celebres
902 2678 1074 2730 vellera
1092 2685 1216 2734 tecta
1235 2677 1346 2734 vivs!
1435 2731 1446 2740 ,
