1842 2966
353 112 449 158 180
540 127 552 139 *
689 100 1015 153 P..0V1D11
1049 101 1357 152 NASONIS

351 242 480 298 Quin
494 238 638 292 ,etiam
661 237 725 284 sic
747 251 821 283 me
837 236 995 282 dicunt
1016 234 1164 281 aliena
1183 234 1408 291 locutum,

419 305 490 352 Ut
508 303 629 350 foret
650 302 819 349 amenti
841 315 1009 348 nomen
1031 301 1080 346 in
1102 315 1182 346 ore
1201 307 1350 347 tuum.
1672 307 1732 350 20

353 372 403 420 Si
415 373 515 434 jam
538 368 716 415 deficiat
737 381 978 429 suppresso
998 365 1159 427 lingua
1177 365 1342 427 palato,

418 434 516 481 Vix
537 434 753 481 instillato
776 431 1054 480 restituenda
1073 445 1230 487 mero3

350 501 550 549 Nuntiet
569 501 658 546 huc
679 499 841 559 aliquis
862 497 1092 543 dominam
1112 496 1323 552 venisse3
1357 511 1655 560 resurgam:

420 567 623 629 Spesque
642 565 709 612 tui
730 564 860 611 nobis
880 570 1042 608 caussa
1061 561 1236 622 vigoris
1257 562 1364 611 erit.

351 632 486 695 Ergo
507 648 597 694 ego
620 646 721 678 sum
743 630 852 675 vitae
872 628 1063 675 dubius:
1103 634 1154 672 tu
1174 626 1364 673 forsitan
1385 627 1490 675 illic

417 698 453 748 J
454 698 682 746 ucundum
704 694 848 742 nostri
870 692 1023 739 nescia
1045 699 1225 754 ternpus
1247 693 1349 754 agis
1363 692 1387 738 ἐ’

352 764 467 814 Non
490 765 604 827 agis,
626 760 839 808 adfirmo:
876 759 1034 819 liquet,
1058 754 1086 803 6
1108 758 1353 812 carissima,
1376 760 1530 815 nobis,

419 829 623 891 Tempus
645 826 721 887 agi
743 826 840 871 sine
861 839 938 870 me
952 838 1044 869 non
1068 823 1155 869 nisi
1174 824 1306 869 triste
1327 824 1426 870 tibi.

357 897 408 945 Si
430 902 584 942 tamen
604 890 809 953 implevit
830 905 933 936 mea
954 903 1066 941 sors,
1090 904 1205 949 quos
1226 889 1392 945 debuit,
1420 905 1597 947 annos,

421 960 488 1007 Et
508 958 618 1003 mihi
642 956 822 1002 vivendi
844 963 939 1001 tam
963 951 1053 1001 cit&
1074 952 1178 1000 finis
1200 954 1358 1011 adest3
1652 961 1715 1003 50

358 1026 596 1081 Quantum
617 1028 727 1076 erat,
752 1018 780 1066 ὃ
802 1021 972 1082 magni,
994 1020 1193 1081 perituro
1215 1035 1412 1081 parcere,
1441 1019 1567 1069 Divi
1586 1039 1607 1080 3

424 1089 494 1136 Ut
517 1088 676 1135 saltem
698 1083 845 1147 patria
864 1085 1202 1132 contumularer
1223 1084 1391 1133 humo!

355 1154 449 1202 Vel
468 1167 607 1216 poena
625 1152 673 1198 in
695 1152 855 1200 mortis
877 1158 1056 1213 tempus
1077 1150 1215 1197 dilata
1234 1149 1408 1206 fuisset,

421 1219 516 1266 Vel
535 1219 826 1281 praecepisset
845 1232 969 1263 mors
990 1224 1228 1279 properata
1247 1214 1422 1278 fugam.

356 1284 546 1349 Integer
567 1286 683 1331 hanc
705 1284 833 1344 potui
856 1297 999 1344 nuper
1019 1283 1135 1328 bene
1158 1281 1346 1344 reddere
1369 1281 1520 1329 lucem
1535 1303 1549 1329 ε

422 1350 572 1399 Exsul
595 1360 646 1396 ut
667 1349 933 1400 occiderem,
957 1362 1077 1393 nunc
1100 1347 1210 1392 mihi
1232 1348 1327 1392 vita
1348 1348 1455 1395 data
1476 1355 1562 1396 est.

355 1416 476 1465 Tam
498 1414 657 1478 procul
676 1415 847 1476 ignotis
861 1412 1004 1474 igitur
1024 1413 1270 1460 moriemur
1292 1412 1339 1458 in
1363 1414 1455 1459 oris
1474 1431 1491 1471 ;

421 1482 488 1531 Et
507 1480 620 1529 fient
638 1481 737 1544 ipso
759 1479 906 1526 tristia
926 1477 1020 1524 fata
1038 1476 1176 1524 loco?
1801 1514 1802 1555 1

356 1550 462 1596 Nec
483 1563 588 1595 mea
607 1552 826 1594 consueto
846 1544 1147 1605 languescent
1168 1559 1356 1605 corpora
1377 1544 1499 1593 lecto
1511 1543 1536 1592 ἱ)
1801 1558 1802 1605 1

422 1614 699 1676 Depositum
722 1626 806 1657 nec
827 1625 904 1661 me
924 1610 1000 1670 qui
1024 1608 1143 1665 fleat,
1167 1609 1285 1656 ullus
1307 1610 1393 1657 erit
1408 1609 1431 1655 Ρ
1639 1616 1700 1660 40
1801 1620 1802 1625 ¹

355 1678 463 1726 Nec
484 1679 681 1725 dominae
700 1676 898 1723 lacrimis
919 1675 969 1720 in
993 1681 1147 1721 nostra
1168 1675 1431 1722 cadentibus
1452 1691 1530 1724 ora

423 1743 663 1791 Accedent
681 1742 847 1806 animae
870 1746 1075 1802 tempora
1093 1756 1233 1802 parva
1253 1755 1371 1788 meae
1383 1741 1407 1786 '1’

355 1809 462 1857 Nec
483 1808 697 1856 mandata
717 1805 866 1853 dabo?
900 1821 986 1852 nec
1007 1821 1111 1852 cum
1134 1806 1331 1852 clamore
1352 1820 1560 1868 supremo

425 1873 655 1922 Labentes
676 1871 832 1919 oculos
853 1872 1020 1918 condet
1041 1872 1186 1919 amica
1206 1886 1370 1918 manus
1384 1872 1409 1918 ἓ
1801 1860 1802 1945 ᾗ

357 1941 451 1990 Sed
472 1941 571 1989 aine
590 1938 820 1985 funeribus
841 1944 977 1998 caput
997 1937 1097 1991 boc,
1120 1937 1219 1983 sine
1239 1937 1414 1985 honore
1436 1938 1622 2001 sepulcri

424 2005 763 2068 Indeploratum
783 2004 970 2050 barbara
991 2008 1111 2048 terra
1130 2009 1258 2065 teget
1270 2001 1295 2047 P

358 2071 554 2132 Ecquid,
579 2076 631 2116 ut
653 2069 857 2122 audieris,
882 2065 981 2113 tota
1002 2068 1236 2115 turbabere
1256 2076 1445 2127 mente;

426 2135 493 2183 Et
512 2134 648 2181 feries
667 2131 831 2194 pavida
849 2139 1034 2194 pectora
1053 2131 1144 2180 fida
1164 2148 1303 2180 manu
1318 2133 1342 2178 ’ἑ

324 2214 330 2219 ’
358 2200 553 2262 Ecquid,
576 2198 624 2244 in
646 2199 728 2244 has
746 2194 916 2245 frustra
937 2198 1128 2245 tendens
1149 2205 1227 2244 tua
1247 2200 1431 2247 brachia
1450 2206 1604 2261 panes,

425 2263 656 2314 clamabis
678 2263 829 2310 miseri
851 2278 1020 2310 nomen
1040 2264 1176 2311 inane
1196 2263 1313 2311 viri?
1623 2268 1686 2314 50

360 2331 506 2379 Parce
526 2337 679 2375 tamen
699 2327 898 2378 lacerare
916 2343 1091 2408 genam
1124 2344 1209 2376 nec
1231 2330 1387 2377 scinde
1407 2329 1593 2391 capillos.

425 2395 538 2444 Non
559 2393 640 2439 tibi
662 2408 784 2440 nunc
803 2393 1015 2454 primum,
1036 2393 1119 2439 lux
1141 2409 1256 2447 mea,
1280 2402 1436 2456 raptus
1457 2411 1544 2443 ero.

360 2457 481 2511 cum
503 2458 692 2520 patriam
714 2458 857 2511 amisi,
878 2463 979 2504 tum
1000 2472 1077 2504 me
1096 2458 1281 2519 periisse
1300 2467 1485 2521 putato:

424 2525 493 2572 Et
512 2524 634 2586 prior
654 2530 702 2570 et
723 2524 907 2586 gravior
929 2538 1052 2569 mors
1072 2523 1160 2569 fuit
1180 2523 1258 2571 illa
1279 2525 1404 2573 mihi.

354 2590 512 2644 Nunc,
536 2589 574 2636 si
593 2586 714 2635 forte
734 2595 878 2651 potes,
901 2589 982 2634 sed
1003 2602 1095 2635 non
1117 2595 1260 2650 poteS,
1284 2590 1459 2652 'optima
1475 2592 1638 2654 conjux,

421 2654 589 2705 Finitis
609 2655 759 2716 gaude
780 2662 852 2702 tot
872 2652 983 2707 mibi
1005 2660 1153 2701 morte
1172 2653 1317 2702 malis.
