1842 2966
320 144 415 192 106
653 140 710 192 P.
744 95 982 191 Ovum
1011 141 1317 195 NASONIS

317 272 464 322 Dicta
483 273 544 322 sit
562 275 684 323 unde
703 275 813 333 dies,
836 290 941 338 qnae
963 276 1160 324 nominis
1173 284 1331 329 sexstet
1343 280 1515 344 origo,

386 339 474 387 Me
494 340 640 403 fugit:
669 356 731 388 ex
750 342 902 404 fflquo
924 349 996 390 est
1014 343 1288 391 invenienda
1309 343 1436 393 Deo.

307 404 504 454 Pleiade
525 414 642 464 nate,
664 423 816 463 mone,
837 406 974 471 virga
992 410 1249 456 venerande
1268 412 1484 472 potenti:

384 471 523 535 Saepe
543 473 623 521 tibi
648 473 800 536 Stygii
823 475 953 536 regia
971 474 1072 521 visa
1092 473 1242 522 Jovis.

320 534 466 584 Venit
487 538 698 589 adoratus
721 538 979 588 Caducifer.
1022 539 1198 603 Accipe
1217 554 1426 588 caussam
1453 579 1463 588 .

384 602 627 653 Nominisz
656 620 716 652 ex
737 606 837 667 ipso
859 603 1046 666 cognita
1066 618 1227 652 caussa
1248 605 1358 653 Deo
1379 613 1471 654 est.
1588 611 1699 656 450

320 666 552 718 Romulus
572 678 626 719 ut
647 671 825 718 tumulo
843 669 1067 721 fraternas
1084 670 1285 718 condidit
1305 673 1512 728 umbras,

384 733 454 782 Et
473 734 595 784 male
614 737 762 783 veloci
772 737 902 798 justa
923 737 1071 784 soluta
1085 736 1263 794 Remo3
1339 736 1357 756 ⁸

318 799 567 850 Faustulus
586 801 758 856 infelix,
781 807 830 847 et
848 802 995 863 passis
1017 801 1147 849 Acca
1165 802 1350 865 capillis,

385 867 669 930 spargebant
687 866 886 912 lacrimis
907 880 1013 913 ossa
1029 873 1216 929 perusta
1235 867 1345 913 suis.

318 930 438 980 Inde
457 932 645 979 domum
667 931 858 978 redeunt
879 932 963 978 sub
983 933 1128 993 prima
1147 932 1414 994 crepuscula
1434 934 1602 984 moesti
1613 951 1636 995 3

386 995 546 1056 thue
567 1003 676 1050 erat,
700 997 749 1042 in
771 996 886 1043 duro
904 999 1185 1059 procubuere
1205 1004 1321 1044 toro.

318 1059 500 1110 Umbra
518 1062 708 1107 cruenta
728 1060 868 1108 Remi
878 1063 989 1110 visa
1008 1069 1079 1109 est
1100 1062 1318 1110 adsistere
1336 1063 1474 1121 lecto,

380 1124 539 1188 Atque
558 1127 661 1172 ltaec
681 1128 852 1191 exiguo
871 1142 1105 1175 murmure
1123 1128 1263 1175 verba
1282 1128 1435 1190 loqui:

318 1189 399 1241 En
420 1206 510 1254 ego
533 1191 767 1241 dimidium
788 1195 943 1250 vestri,
966 1206 1158 1257 parsque
1179 1195 1320 1241 altera
1338 1196 1452 1250 voti,

383 1253 573 1307 cernite
591 1257 678 1305 sim
699 1259 868 1320 qualis;
886 1258 965 1321 qui
985 1256 1122 1306 mod&
1142 1260 1289 1320 qualis
1309 1260 1459 1308 eram!
1572 1264 1676 1310 460

321 1321 435 1379 Qui,
454 1320 594 1371 modd
607 1325 654 1371 ‘si
674 1325 884 1372 volucres
905 1324 1161 1372 habuissem
1186 1338 1331 1388 regna
1339 1326 1574 1389 jubentes,

384 1386 443 1436 In
465 1390 634 1452 populo
654 1391 783 1453 potui
803 1391 1032 1438 maximus
1051 1404 1154 1438 esse
1171 1405 1299 1437 meox

320 1453 464 1504 Nunc
486 1455 639 1520 elapsa
656 1457 761 1520 rogi
781 1455 992 1513 flammis,
1015 1462 1064 1505 et
1082 1456 1230 1505 inanis
1251 1456 1423 1521 imago.

388 1520 513 1569 Haec
535 1530 606 1570 est
627 1538 687 1570 ex
705 1523 784 1570 illo
805 1523 955 1570 forma
975 1523 1134 1570 relicta
1154 1521 1323 1572 Remo.

321 1585 456 1637 Heu!
483 1589 559 1635 ubi
581 1587 714 1636 Mars
734 1596 865 1651 pater
883 1587 988 1635 est?
1012 1589 1050 1635 si
1072 1601 1157 1636 vos
1178 1581 1316 1636 modd
1337 1601 1449 1637 vera
1468 1589 1610 1639 locuti
1623 1608 1650 1652 ς

391 1652 636 1715 Uberaque
656 1654 873 1716 expositis
894 1653 972 1700 ille
991 1652 1138 1700 ferina
1158 1654 1294 1701 dedit.

321 1718 477 1775 Quem
499 1720 606 1782 lupa
626 1720 837 1774 servavit,
859 1733 1023 1765 manus
1042 1720 1166 1765 hunc
1186 1719 1428 1768 temeraria
1449 1721 1562 1770 civis

387 1782 607 1831 Perdidit:
658 1783 709 1831 0
724 1789 895 1845 quanto
915 1784 1071 1831 mitior
1089 1785 1169 1831 illa
1187 1783 1304 1834 fuit!
1455 1787 1460 1792 “

322 1847 459 1897 Saeve
483 1847 632 1906 Celer,
655 1850 881 1897 crudelem
896 1850 1092 1898 animam
1114 1865 1196 1913 per
1216 1851 1408 1898 vulnera
1428 1852 1611 1902 neddsst
1654 1847 1658 1854 ’

389 1914 548 1978 thue
568 1930 670 1979 ego,
696 1918 778 1963 sub
798 1923 943 1963 terras
964 1917 1340 1979 sanguinolentus
1363 1931 1455 1966 eas.
1487 1952 1496 1962 ,
1560 1922 1658 1968 470

317 1980 489 2030 Noluit
508 1983 594 2028 hoc
615 1982 767 2030 frater.
832 1981 987 2030 Pietas
1007 1983 1196 2043 aequalis
1214 1982 1263 2028 in
1284 1982 1365 2029 illo
1386 1990 1471 2031 est.

389 2047 528 2102 Quod
549 2049 711 2109 potuit,
732 2047 942 2094 lacrimas
960 2048 1009 2093 in
1031 2062 1133 2094 mea
1151 2047 1246 2095 fata
1267 2048 1404 2095 dedit.

320 2111 574 2165 Hunc,vos
592 2128 676 2173 per
694 2112 916 2166 lacrimas,
939 2128 1020 2175 per
1038 2120 1191 2160 vestra
1213 2114 1427 2161 alimenta
1448 2121 1611 2177 rogate,

386 2177 460 2227 Ut
479 2179 700 2224 celebrem
720 2176 840 2224 festo
861 2179 1013 2240 signet
1033 2179 1207 2225 honore
1225 2178 1362 2226 diem.

319 2242 624 2293 Mandantem
645 2243 853 2306 amplecti
874 2245 1075 2306 cupiunt,
1099 2251 1146 2290 et
1165 2245 1348 2291 brachia
1367 2245 1566 2293 tendunt.

389 2308 585 2357 Lubrica
604 2315 870 2371 prensantes
893 2309 1056 2372 effligit
1077 2310 1238 2357 umbra
1259 2325 1438 2357 manus.

327 2375 398 2422 Ut
420 2389 574 2421 secum
593 2373 778 2437 fugiens
800 2390 987 2422 somnos
1010 2375 1195 2421 abduxit
1215 2377 1402 2439 imago3

387 2439 466 2486 Ad
485 2454 643 2502 regem
665 2457 803 2488 voces
816 2440 974 2488 fratris
994 2447 1183 2503 uterque
1201 2440 1368 2488 ferunt.

319 2505 549 2553 Romulus
569 2507 842 2568 obsequitur,
864 2507 1105 2568 lucemque
1126 2505 1347 2553 Remuria
1367 2507 1482 2554 dixit

385 2569 533 2627 Illam,
555 2570 647 2633 qud
664 2573 824 2635 positis
835 2573 964 2634 justa
983 2571 1191 2618 feruntur
1210 2573 1324 2619 avis.
1553 2574 1643 2621 480

321 2635 501 2700 Aspera
521 2644 695 2686 mutata
714 2639 854 2685 estin
876 2638 1027 2684 lenem
1050 2644 1253 2698 tempore
1273 2637 1417 2699 longo

385 2702 555 2760 Litera,
576 2719 681 2767 quae
700 2710 801 2751 toto
823 2703 1012 2750 nomine
1030 2703 1174 2766 prima
1193 2701 1296 2751 fuit.
