1842 2966
385 156 691 208 EPISTOL'.
723 157 823 207 EX
859 156 1090 228 PQNTO
1123 158 1228 207 Lm
1253 157 1295 206 Ι.
1316 164 1362 208 8.
1444 163 1536 207 261

170 289 321 342 Nam
344 285 484 337 mode}
505 305 590 337 vos
610 290 765 337 animo
786 290 942 337 dulces
962 290 1238 348 reminiscor,
1261 290 1426 351 amici3

251 354 405 401 Nunc
426 356 538 401 mihi
558 352 663 403 cum
684 353 790 405 cara
810 356 1005 417 conjuge
1026 364 1132 402 nata
1153 358 1291 403 subit:

174 419 350 481 E'que
373 422 509 468 domo
531 436 685 467 rursus
707 420 907 482 pulchrae
929 422 1028 467 loca
1050 429 1203 467 vertor
1224 422 1280 467 ad
1303 420 1458 477 Urbis,

257 483 534 547 Cunctaque
554 502 684 533 mens
706 486 849 532 oculis
868 486 1073 548 pervidet
1094 486 1170 533 illa
1190 487 1296 533 suis-
1391 511 1394 516 ·

174 549 339 597 Nunc
359 550 471 605 fora,
496 566 617 597 nunc
639 552 774 606 aedes,
798 566 919 597 nunc
941 566 1165 597 marmore
1184 558 1306 599 tecta
1325 552 1513 608 theatra,

254 614 405 662 Nunc
427 617 546 663 subit
567 616 745 677 aequata
764 617 963 678 porticus
985 618 1134 663 omnis
1154 618 1308 663 humo.

177 682 425 729 Gramina
446 696 568 727 nunc
587 680 748 744 Campi
769 682 983 744 pulchros
1005 682 1248 742 spectantis
1269 683 1318 728 in
1338 682 1508 738 hortos,

259 746 528 808 stagnaque
550 754 597 793 et
618 746 792 808 Euripi,
817 745 1156 809 Virgineusque
1175 748 1338 808 liquor.
1372 805 1377 812 ³

181 812 279 865 At,
302 819 434 873 puto²
454 812 518 858 sic
542 810 682 859 Urbis
705 812 870 858 misero
892 819 963 858 est
983 820 1136 875 erepta
1157 812 1380 875 voluptas,

263 876 486 931 Quolibet
508 883 558 922 ut
580 877 738 923 saltem
761 892 864 923 rure
883 876 974 923 frui
996 878 1141 925 liceat·
1477 879 1545 922 40

186 941 312 989 Non
335 956 466 988 meus
486 942 675 988 amissos
698 943 875 990 animus
897 942 1120 990 desiderat
1143 958 1293 1006 agros,

236 1049 241 1054 ,
264 1007 484 1067 Ruraque
508 1005 703 1070 Peligno
725 1008 1041 1071 conspicienda
1062 1008 1190 1055 solo:

189 1070 302 1119 Nec
318 1088 437 1133 quos
450 1071 653 1135 piniferis
674 1074 846 1135 positos
866 1073 913 1118 in
938 1073 1127 1120 collibus
1148 1074 1306 1122 hortos

263 1137 451 1200 Spectat
474 1136 711 1184 Flaminiae
735 1136 898 1185 Clodia
908 1139 1073 1200 juncta
1092 1140 1196 1186 viae.

193 1202 334 1258 Quas
353 1218 442 1266 ego
464 1205 617 1250 nescio
639 1202 711 1249 cui
734 1202 881 1259 colui;
915 1203 1078 1263 quibus
1098 1205 1194 1265 ipse
1216 1204 1415 1251 solebam

261 1267 344 1315 Ad
366 1276 463 1316 sata
481 1267 691 1315 fontanas
716 1269 823 1331 (nec
843 1265 1005 1330 pudet)
1030 1268 1192 1315 addere
1213 1284 1364 1329 aquas.

195 1333 323 1382 Sunt
341 1334 416 1389 ibi,
439 1334 478 1380 si
498 1335 674 1388 vivunt,
697 1331 854 1379 nostra
874 1347 1053 1394 quoque
1074 1333 1248 1379 consita
1266 1332 1511 1394 quondam,

266 1398 360 1445 Sed
382 1414 475 1444 non
495 1407 543 1446 et
564 1395 720 1446 nostra
738 1413 873 1460 poma
892 1396 1088 1459 legenda
1107 1412 1260 1444 manu.

194 1462 294 1513 Pro
316 1465 476 1526 quibus
497 1465 672 1512 amissis
694 1465 864 1511 utinam
887 1463 1154 1525 contingere
1175 1462 1319 1525 possit

267 1528 364 1577 Hic
387 1530 544 1578 saltem
566 1529 760 1593 profugo
781 1529 915 1592 gleba
937 1529 1125 1575 colenda
1147 1528 1284 1576 mihi!
1478 1529 1550 1576 50

196 1593 309 1660 Ipse
329 1611 418 1658 ego
438 1596 688 1658 pendentes
713 1595 870 1659 (liceat
890 1591 1048 1654 modo)
1074 1609 1185 1657 rupe
1207 1592 1413 1657 capellas,

265 1658 376 1723 Ipse
395 1662 539 1709 velim*
552 1660 714 1707 baculo
733 1675 916 1722 pascere
940 1661 1075 1707 nixus
1098 1675 1224 1707 oves.

195 1724 311 1790 lpse
330 1741 431 1788 ego,
455 1742 514 1773 ne
536 1727 680 1773 solitis
701 1727 910 1772 inslstant
931 1733 1115 1787 pectora
1136 1726 1269 1781 curis,

267 1790 450 1838 Ducam
474 1791 688 1838 ruricolas
712 1791 794 1837 sub
804 1793 923 1853 Juga
943 1791 1091 1853 panda
1110 1791 1266 1837 boves.

198 1855 270 1906 Et
291 1857 460 1903 discam
483 1856 636 1904 Getici
658 1871 760 1917 quae
783 1854 936 1901 norint
957 1856 1095 1901 verba
1106 1857 1295 1917 juvenci
1313 1872 1326 1903 τ

167 1970 173 1985 ¹
269 1922 498 1969 Adsuetas
518 1922 605 1968 illis
627 1921 923 1983 adjiciamque
943 1921 1104 1966 minas.

199 1986 310 2051 Ipse
330 2002 466 2034 manu
489 1987 695 2049 capulum
717 1986 859 2047 pressi
880 1985 1139 2031 moderatus
1162 1985 1296 2031 aratri

268 2052 489 2114 Experiar
510 2050 635 2098 mota
657 2066 868 2113 spargere
889 2064 1045 2097 semen
1068 2051 1222 2096 humo.

204 2117 308 2165 Nec
330 2117 527 2163 dubitem
548 2117 700 2178 longis
720 2131 915 2178 purgare
935 2115 1164 2178 ligonibus
1186 2128 1321 2162 arvat

268 2181 333 2228 Et
354 2179 471 2238 dare,
495 2198 605 2244 quas
628 2182 782 2228 sitiens
804 2181 1027 2228 combibat
1049 2181 1219 2236 hortus,
1243 2194 1398 2241 aquas·
1478 2184 1546 2228 60

207 2247 344 2297 Unde
365 2248 444 2293 sed
466 2249 552 2294 hoc
575 2246 719 2302 nobisss
743 2248 982 2293 minimum
1004 2261 1118 2307 quos
1138 2248 1257 2292 inter
1276 2251 1329 2292 et'
1345 2246 1523 2294 hostem

270 2311 528 2359 Discrimen
552 2327 708 2359 murus
729 2312 970 2374 clausaque
989 2320 1119 2373 porta
1137 2310 1248 2358 facit
1262 2309 1286 2355 Ρ

208 2379 276 2427 At
296 2378 373 2423 tibi
394 2379 595 2424 nascenti
621 2378 765 2441 (quod
786 2384 883 2424 toto
904 2384 1089 2438 pectore
1110 2374 1265 2437 laetor)

274 2440 453 2489 Nerunt
474 2442 633 2490 fatales
654 2442 787 2489 fortia
806 2442 884 2489 fila
906 2442 1044 2490 Deae.

207 2507 279 2556 Te
299 2504 431 2554 modo
447 2505 647 2569 Campus
664 2508 809 2563 habet,
829 2507 972 2555 densa
986 2503 1122 2554 modo
1137 2508 1338 2569 porticus
1353 2503 1511 2555 umbri
1526 2520 1542 2551 ε

272 2571 421 2628 Nunc,
444 2573 491 2619 in
513 2589 605 2634 quo
625 2574 757 2635 ponis
778 2581 984 2634 tempora
1005 2588 1117 2627 rara,
1142 2571 1330 2619 Forum.

212 2637 396 2687 Umbria
415 2653 537 2692 nunc
560 2647 765 2685 revocat=
805 2653 890 2684 nec
912 2653 1005 2685 non
1031 2638 1208 2685 Albana
1229 2642 1458 2701 petentem

272 2702 419 2767 Appia
435 2702 632 2752 ferventi
651 2702 776 2753 ducit
796 2703 844 2751 in
866 2718 977 2751 arva
998 2702 1111 2752 rota.
