1842 2966
562 157 918 209 TRISTIUM
954 159 1063 211 Lm.
1087 161 1158 209 ΙΙ.
1431 166 1525 215 167

151 290 234 339 At
252 296 466 339 matrona
485 285 639 354 potest
660 291 819 339 alienis
840 293 1012 339 artibus
1033 294 1129 352 uti3

230 355 437 418 Quoque
458 359 620 411 trahat,
642 359 848 418 quamvis
870 373 964 404 non
986 358 1213 415 doceatur,
1235 358 1384 409 habet.

157 419 257 469 Nil
281 422 426 484 igitur
447 431 654 470 matrona
672 423 801 485 legat
818 441 831 470 ε
869 425 977 485 quia
998 425 1197 471 carmine
1218 428 1273 472 ab
1293 429 1420 474 omni

234 487 319 535 Ad
342 487 692 549 delinquendum
716 489 891 536 doctior
907 504 1011 538 esse
1031 496 1197 551 potest.

158 551 511 615 Quodcumque
530 555 748 615 attigerit,
772 555 810 601 si
833 569 923 616 qua
945 561 1015 602 est
1038 555 1239 602 studiosa
1262 558 1443 615 sinistri,

229 617 314 666 Ad
336 619 498 666 vitium
519 635 671 666 mores
691 618 885 666 instruet
907 619 1014 666 inde
1037 635 1159 667 suos.

159 682 401 732 sumserit
421 685 660 744 Annales;
686 686 821 749 (nihil
843 693 913 733 est
934 685 1151 733 hirsutius
1170 684 1284 748 illis)
1330 701 1334 707 ’

232 748 380 796 Facta
401 751 459 797 sit
479 750 600 802 unde
619 765 783 813 parens
805 749 893 798 Ilia
908 764 1072 814 nempe
1087 752 1226 814 leget.
1421 756 1521 802 260

159 813 409 871 Sumserit,
432 815 694 863 AEneadum
716 818 929 879 genetrix
950 818 1024 863 ubi
1046 818 1218 879 prima3
1244 818 1455 879 requiret,

182 910 211 935 x,
231 878 497 929 AEneadum
520 883 732 944 genetrix
753 883 873 929 unde
896 882 958 930 sit
975 882 1095 929 alma
1116 881 1294 930 Venus·

160 943 426 1007 Persequar
446 945 647 1003 inferius,
674 945 834 1011 (modo
855 949 894 995 si
914 948 1023 995 licet
1044 948 1202 995 ordine
1222 946 1354 1010 ferri)

232 1010 384 1058 Posse
404 1028 568 1059 nocere
588 1014 750 1060 animis
772 1015 984 1061 carminis
1005 1029 1141 1060 omne
1162 1028 1326 1076 genus.

162 1074 309 1142 [Non
330 1082 483 1124 tamen
504 1078 672 1126 idcirco
695 1079 865 1126 crimen
887 1078 1000 1126 liber
1021 1080 1172 1126 omnis
1193 1081 1386 1127 habebit.

229 1142 320 1190 Nil
340 1144 537 1205 prodest,
559 1145 682 1206 quod
702 1159 796 1191 non
817 1145 984 1192 laedere
1002 1145 1149 1206 possit
1168 1139 1330 1211 idem.]

160 1205 292 1272 Igne
313 1208 422 1270 quid
444 1208 633 1256 utilius?
656 1210 695 1256 si
714 1211 817 1272 quis
838 1217 992 1256 tamen
1016 1225 1147 1255 urere
1168 1218 1290 1258 tecta

234 1273 497 1336 Compara&
520 1275 712 1322 audaces
731 1277 914 1323 instruit
937 1275 1047 1336 igne
1066 1289 1245 1322 manus.

162 1337 321 1403 Eripit
340 1340 580 1396 interdum,
604 1338 744 1387 modo
765 1341 842 1387 dat
863 1339 1088 1386 medicina
1108 1339 1325 1386 salutem=

234 1405 623 1470 Quaequejuvans
643 1412 879 1459 monstrat,
897 1418 1091 1466 quaeque
1107 1405 1167 1450 sit
1178 1405 1316 1452 herba
1332 1421 1519 1453 nocens.

163 1469 236 1522 Et
257 1471 388 1528 latre,
411 1479 460 1519 et
479 1478 639 1519 cautus
652 1469 949 1535 praecingitur
969 1482 1079 1517 ense
1098 1469 1272 1519 viatorz
1422 1474 1516 1519 271

233 1535 325 1584 Ine
346 1539 428 1584 sed
446 1538 644 1593 insidias,
668 1537 743 1584 hic
767 1538 850 1584 sibi
866 1542 1019 1599 portat
1041 1547 1189 1597 opem.

163 1602 392 1659 Diseitur,
414 1603 634 1651 innocuas
654 1609 707 1648 ut
728 1609 849 1665 agat,
871 1601 1097 1656 facundia,
1121 1615 1333 1648 caussas:

234 1668 448 1731 Protegit
468 1669 569 1715 haec
591 1675 758 1724 sontes,
781 1668 1123 1729 immeritosque
1142 1666 1322 1728 premit.

164 1732 244 1783 sic
266 1734 411 1796 igitur
430 1745 630 1790 carmen,
648 1732 773 1782 recta
793 1735 833 1782 si
854 1739 1010 1781 mente
1029 1733 1221 1794 legatur,
1319 1769 1325 1776 .

233 1797 479 1848 Constabit
497 1800 609 1845 nulli
629 1809 764 1863 posse
784 1813 951 1848 nocere
970 1811 1138 1845 meum.

164 1864 236 1914 At
255 1864 469 1927 quiddam
491 1865 591 1912 vitii
611 1866 885 1927 quicumque
903 1865 1011 1911 hinc
1033 1863 1241 1925 concipit,
1265 1869 1409 1910 erratz

233 1929 304 1979 Et
323 1931 516 1977 nimium
540 1932 717 1993 scriptis
740 1933 930 1993 abrogat
949 1928 1026 1977 ille
1046 1929 1176 1975 meis.
1241 1939 1244 1944 ’

168 1995 243 2046 Ut
262 2008 420 2044 tamen
441 1996 529 2043 hoc
548 1995 718 2043 fatear:
755 1996 848 2043 ludi
871 2011 1050 2058 quoque
1073 1994 1246 2042 semina
1265 1993 1472 2058 praebent

232 2060 482 2123 Nequitiae.
526 2060 650 2109 Toni
670 2068 768 2108 tota
787 2062 966 2108 theatra
977 2062 1113 2124 jube:
1416 2062 1516 2106 280

168 2126 397 2176 Peccandi
418 2141 624 2174 caussam
647 2139 752 2189 quae
773 2127 929 2175 multis
951 2141 1072 2189 saepe
1093 2125 1329 2182 dederunt,

190 2221 207 2242 -,
232 2190 409 2241 Martia
428 2190 534 2239 cum
555 2193 716 2240 durum
739 2194 901 2241 sternit
921 2207 1059 2239 arena
1080 2192 1243 2239 solum.

165 2256 379 2306 Tollatur
396 2256 595 2317 Circus;
617 2273 713 2306 non
733 2265 834 2305 tuta
853 2258 1037 2306 licentia
1058 2256 1203 2306 Circi:
1263 2259 1271 2278 ⁸

234 2321 333 2371 Hic
356 2325 484 2371 sedet
503 2324 666 2387 ignoto
678 2326 842 2387 juncta
861 2323 1014 2386 puella
1031 2324 1148 2371 viro.

169 2387 293 2440 cnm
316 2390 526 2450 quaedam
549 2390 798 2453 spatientur
818 2390 866 2436 in
888 2386 987 2444 hac,
1010 2396 1062 2435 ut
1083 2394 1259 2435 amator
1278 2382 1436 2436 eadem

234 2452 508 2511 Conveniat,
530 2467 670 2517 quare
688 2457 890 2518 porticus
911 2454 1005 2501 ulla
1023 2460 1150 2517 patet
1162 2452 1187 2498 ’ἐ

171 2519 292 2577 Quis
311 2519 443 2570 locus
462 2525 533 2569 est
555 2522 734 2583 templis
755 2520 993 2583 augustior
1007 2518 1030 2564 Ρ
1062 2520 1162 2565 haec
1184 2532 1365 2579 quoque
1386 2517 1518 2571 vitet,

232 2584 292 2634 In
313 2587 493 2649 culpam
515 2587 553 2633 si
575 2601 666 2649 qua
685 2594 756 2634 est
777 2586 1017 2649 ingeniosa
1038 2597 1181 2633 suam.

170 2649 292 2703 Cum
316 2654 493 2717 steterit
511 2651 645 2701 Jovis
666 2651 793 2711 κὼς
827 2651 961 2702 Jovis
982 2657 1213 2698 succurret
1232 2649 1282 2695 in
1305 2647 1417 2702 aede,

235 2716 389 2774 Quem
411 2720 579 2767 multas
599 2726 773 2768 matres
789 2717 950 2770 fecerit
968 2715 1046 2766 ine
1060 2715 1209 2766 Deus.
1419 2712 1501 2758 99(
