1842 2966
328 230 360 277 8
688 223 745 275 P.
778 221 1015 274 ovlml
1046 218 1348 273 NASONIS

322 357 560 415 Presserat
580 372 660 404 ora
680 354 832 405 Deus.
883 350 1020 404 Tune
1043 357 1108 405 sic
1128 362 1286 405 nostra
1307 370 1388 404 ora
1407 348 1599 414 resolvo,
1644 350 1654 361 ’

389 423 523 472 Voce
544 421 648 485 med
666 430 805 471 voces
826 424 1035 471 eliciente
1056 421 1167 470 Dei.

240 491 247 499 ’
324 488 447 541 Οὐιιι
469 496 540 538 tot
563 489 655 537 sint
675 487 796 545 Jani,
821 505 901 537 cur
925 496 1017 536 stas
1039 493 1240 535 sacratus
1260 487 1310 537 in
1331 501 1438 543 uno,

389 554 486 603 Hic
509 556 584 602 ubi
597 556 760 618 juncta
777 555 890 602 foris
912 554 1082 616 templa
1101 553 1275 600 duobus
1296 553 1433 601 habes
1445 551 1472 597 ⁴?

323 621 412 670 Ille
432 632 571 669 manu
592 621 800 670 mulcens
817 634 1064 684 propexam
1087 619 1144 665 ad
1163 626 1347 681 pectora
1364 618 1560 674 barbam,
1685 638 1688 645 ·

389 686 609 736 Protinus
633 686 804 735 OEbalii
827 685 982 732 retulit
1004 699 1128 731 arma
1148 682 1275 731 Titi:
1567 685 1670 732 260

325 753 486 816 thue
505 754 622 801 levis
644 758 811 807 custos,
836 750 1021 796 armillis
1044 755 1175 811 capta
1198 748 1390 806 Sabinis,

390 820 469 867 Ad
490 833 683 867 summae
702 816 890 863 Tatium
913 814 1093 862 duxerit
1114 814 1230 862 arcis
1251 816 1352 862 iter.

325 884 454 943 Inde,
476 885 605 931 velut
625 876 749 928 minc
768 888 852 936 est,
875 896 957 943 per
978 896 1113 943 quem
1135 880 1418 938 descenditis,
1439 878 1600 941 inquit,

391 950 578 999 Arduus
598 948 647 994 in
669 947 813 994 valles
834 953 881 993 et
904 944 1027 993 Fora
1047 946 1192 992 clivus
1213 952 1326 993 erat.

324 1015 393 1065 Et
404 1016 502 1077 jam
524 1013 779 1075 contigerat
798 1018 991 1074 portam,
1011 1011 1223 1059 Saturnia
1242 1012 1373 1076 cujus

390 1079 637 1126 Demserat
658 1077 885 1139 adpositas
903 1070 1121 1124 insidiosa
1140 1091 1278 1124 seras.

315 1144 448 1195 'cum
471 1150 600 1191 tanto
621 1144 795 1191 veritus
816 1143 1102 1189 committere
1122 1142 1309 1189 numine
1327 1155 1545 1206 pugnam,

389 1207 497 1271 Ipse
518 1225 636 1256 meae
657 1209 781 1256 movi
801 1208 990 1255 callidus
1011 1208 1120 1255 artis
1143 1222 1270 1270 opus.

324 1275 524 1336 Oraque,
546 1272 636 1337 qua
654 1274 830 1337 pollens
851 1288 939 1336 ope
955 1288 1070 1328 sum,
1089 1272 1280 1320 fontana
1300 1272 1463 1321 reclusi
1470 1288 1488 1332 ς

392 1340 593 1403 Sumque
615 1340 872 1403 repentinas
893 1338 1139 1403 ejaculatus
1160 1352 1313 1400 aquas.
1561 1336 1674 1385 ‘270

326 1403 456 1455 ‘Ante
477 1413 631 1454 tamen
651 1405 814 1469 gelidis
838 1406 1005 1470 subjeci
1029 1404 1245 1468 sulphura.
1262 1404 1407 1459 venis,

393 1469 637 1522 Clauderet
658 1478 711 1519 ut
731 1470 869 1519 Tatio
889 1470 1093 1520 feruidus
1114 1471 1277 1520 humor
1296 1470 1396 1518 iter.

328 1537 474 1603 Cujus
496 1543 549 1586 ut
569 1538 739 1586 utilitas
760 1539 902 1601 pulsis
920 1543 1134 1600 percepta.
1156 1535 1332 1584 Sabinis
1349 1551 1366 1593 3

394 1605 607 1667 Quaeque
625 1603 725 1658 fuit,
747 1610 847 1650 toto
867 1603 1043 1649 reddita
1059 1601 1208 1648 forma
1225 1601 1330 1649 loco
1352 1599 1451 1660 est'g

325 1670 428 1718 Ara
448 1670 558 1716 mihi
579 1669 726 1732 posita
745 1673 829 1722 est,
850 1682 994 1729 parvo
1015 1667 1258 1728 conjuncta
1277 1666 1468 1714 sacello=

393 1733 516 1782 Haec
538 1733 688 1780 adolet
709 1731 906 1779 flammis
929 1746 1035 1778 cum
1058 1739 1183 1779 strue
1202 1730 1325 1779 farra
1345 1732 1456 1778 suis.

329 1799 398 1847 At
419 1815 502 1846 cur
521 1812 633 1861 pace
650 1797 780 1853 lates,
803 1797 1031 1858 motisque
1052 1796 1294 1845 recluderis
1315 1797 1452 1844 armis
1464 1794 1491 1843 ἰ’

392 1863 498 1912 Nec
518 1878 677 1921 mora3
710 1863 890 1925 quaesiti
911 1862 1085 1910 reddita
1103 1877 1264 1910 caussa
1282 1863 1409 1912 mihi.

329 1929 590 2042 Utlpopulo
611 1928 782 1976 reditus
802 1934 987 2008 pateant
1007 1928 1064 1976 ad
1083 1927 1203 1975 bella
1221 1926 1439 1992 profecto,

440 2004 517 2042 ota
535 2000 661 2057 patet
682 1995 833 2041 demta
842 1995 988 2057 janua
1008 2000 1166 2041 nostra
1186 1992 1301 2041 sera.
1569 1994 1676 2041 280

283 2091 286 2096 ·
330 2061 454 2110 Pace
471 2059 596 2108 fores
615 2059 745 2115 obdo,
769 2075 828 2107 ne
848 2058 939 2121 qua
959 2059 1188 2107 discedere
1206 2060 1350 2123 possit
1366 2076 1379 2107 ε

396 2124 700 2187 Caesareoque
722 2125 798 2172 diu
819 2124 1005 2172 nomine
1026 2126 1208 2172 clausus
1228 2141 1323 2173 ero.

331 2191 496 2249 Dixit;
532 2197 592 2247 et,
615 2190 824 2238 attollens
844 2191 1002 2238 oculos
1023 2190 1200 2250 diversa
1214 2197 1409 2246 tuentes,

395 2257 623 2321 Adspexit
644 2262 742 2303 toto
763 2256 977 2318 quidquid
997 2256 1046 2304 in
1068 2258 1176 2304 orbe
1194 2255 1295 2304 fuit.

331 2321 434 2370 Pax
455 2329 583 2380 erat3
618 2328 666 2370 et
687 2322 841 2377 vestri,
866 2322 1153 2377 Germanice,
1176 2335 1337 2369 caussa
1356 2319 1573 2383 triumphi

394 2387 663 2436 Tradiderat
680 2385 873 2436 famulas
883 2388 984 2451 jam
1004 2388 1084 2435 tibi
1105 2387 1299 2436 Rhenus
1321 2397 1475 2448 aquas.

328 2449 462 2510 Jane,
483 2452 583 2502 face
602 2461 814 2511 aeternos,
837 2451 1008 2502 Pacem
1030 2452 1252 2514 Pacisque
1271 2451 1531 2499 ministrosz

397 2517 536 2567 Neve
555 2534 703 2576 suum,
723 2526 904 2583 praesta,
929 2519 1105 2566 deserat
1126 2523 1283 2564 auctor
1303 2527 1432 2578 opus.

334 2582 476 2639 Quod
492 2593 645 2633 tamen
667 2600 727 2633 ex
745 2586 856 2650 ipsis
872 2584 1004 2632 licuit
1016 2582 1128 2631 mihi
1149 2583 1321 2629 discere
1341 2579 1509 2637 Fastis,

399 2649 645 2700 Sacravere
666 2650 828 2698 Patres
846 2648 935 2697 hac
958 2649 1048 2696 duo
1067 2647 1238 2710 templa
1258 2647 1344 2694 die.
1571 2647 1681 2695 290

333 2712 527 2778 Accepit
546 2714 724 2764 Phoebo
745 2713 1053 2778 Nymphaque
1076 2710 1306 2761 Coronide
1327 2716 1483 2758 ustum

400 2778 572 2841 Insula,
593 2779 776 2831 dividui
792 2795 933 2845 quam
951 2779 1117 2844 premit
1136 2777 1282 2827 amnis
1301 2773 1430 2840 aqufl.
