1842 2966
537 210 934 265 ramnum-
955 211 1065 264 Lu.
1086 212 1178 265 w.
1404 202 1418 219 ⁸
1462 224 1532 270 as

165 350 272 405 An,
300 343 411 409 quia
430 326 696 395 cunctarum
717 343 945 395 contraria
964 345 1138 394 semina
1155 361 1307 397 reruni

237 414 379 463 Sunt*
390 411 492 466 duo,
515 410 778 459 discordes
764 410 889 473 ignis
908 417 957 457 et
972 411 1092 459 unda
1113 410 1239 471 Dei;

160 479 199 531 J
201 483 446 528 unxerunt
463 476 688 531 elementa
706 483 884 538 patres·
925 483 1170 539 aptumque
1188 477 1405 539 putarunt

238 544 454 624 Ignibus
463 548 511 589 et
531 557 686 619 sparsa
705 550 895 604 tangere
915 544 1082 604 corpus
1102 541 1219 603 aqua
1231 543 1257 589 'x'
1426 547 1527 598 '790

164 610 273 664 An,
298 605 454 670 qudd
441 623 489 654 m
510 608 583 654 his
602 608 712 655 vitae
732 622 892 655 caussa
911 614 1015 665 est3
1038 609 1140 657 haec
1161 609 1524 670 perdiditexsula

239 673 344 723 His
363 687 486 720 nova
502 671 558 720 fit
577 675 773 736 conjux.
812 674 912 721 haec
935 674 1026 721 duo
1047 688 1218 736 magna
1232 677 1427 737 putant?

165 734 290 788 vix
301 738 511 800 equidem
533 739 691 786 credo:
730 745 838 786 sunt
858 739 938 799 qui
961 737 1252 788 Phaethonta
1273 740 1430 790 referri

244 803 468 859 Credant,
489 810 537 851 et
557 804 720 852 nimias
740 803 1040 852 Deucalionis
1061 820 1213 867 aquas.

166 871 301 921 Pars
316 885 507 932 quoque,
531 884 653 915 cum
650 870 781 927 saxis
801 877 1006 931 pastores
1027 885 1138 920 saxa
1158 871 1378 929 terebant,

241 935 501 985 Scintillam
521 932 669 983 subitd
686 935 948 998 prosiluisse
965 935 1134 984 ferunt,
1433 938 1438 943 '

165 1002 340 1053 Prima
360 1000 540 1062 quidem
560 1000 723 1062 periit:
762 1001 939 1062 stipulis
959 1010 1151 1065 excepta
1171 1003 1372 1052 secunda
1389 1008 1476 1052 est.

244 1066 362 1115 Hoc
383 1067 639 1128 argumenti
658 1065 843 1113 flamma
866 1065 1024 1115 Palilis
1045 1069 1191 1117 habet.

168 1138 262 1187 An
282 1132 432 1194 magis
453 1131 574 1178 hunc
594 1147 767 1180 morem
789 1132 934 1195 pietas
955 1132 1126 1181 AEne'ia
1146 1133 1268 1191 fecit,

240 1196 505 1246 Innocuum
521 1197 643 1244 victo
666 1199 740 1245 cui
762 1197 885 1245 dedit
904 1198 1026 1261 ignis
1047 1199 1136 1247 iter
1150 1199 1174 1244 ?
1426 1203 1525 1248 800

164 1263 308 1314 Num
329 1270 482 1310 tamen
497 1269 568 1310 est
585 1278 694 1311 vero
708 1263 916 1325 propius;
952 1260 1056 1310 cum
1073 1264 1256 1311 condita
1271 1262 1428 1313 Roma
1437 1272 1522 1322 est,

186 1344 191 1349 ·
237 1327 499 1377 Transferri
509 1329 664 1391 jussos
685 1330 734 1377 in
747 1343 868 1375 nova
881 1335 1004 1375 tecta
1025 1327 1170 1376 Lares
1181 1328 1205 1375 :³

169 1395 509 1455 Mutantesque
529 1394 713 1441 domum
734 1393 868 1441 tectis
888 1393 1144 1455 agrestibus
1163 1394 1334 1457 ignem,

242 1459 314 1510 Et
334 1466 577 1508 cessaturae
599 1458 890 1522 supposuisse
909 1458 1063 1505 casse?

170 1526 275 1577 Per
286 1525 500 1579 flammas
520 1526 708 1574 saluisse
728 1540 882 1587 pecus,
903 1516 1093 1571 saluisse
1111 1524 1298 1573 colonos
1311 1524 1336 1572 ἰ’

241 1592 385 1648 Quod
404 1589 459 1638 fit
477 1592 614 1638 natali
635 1606 756 1638 nune
777 1606 971 1652 quoque⁴
995 1588 1163 1645 Roma,
1184 1596 1280 1640 tuo.

166 1658 285 1723 Ipse
304 1657 437 1706 locus
455 1671 638 1703 caussas
657 1657 750 1704 vati
770 1655 893 1704 facit.
930 1655 1070 1704 Urbis
1092 1656 1224 1718 origo
1261 1697 1266 1702 .

238 1722 408 1770 Venit:
437 1721 544 1769 ades
564 1720 706 1776 festis,
728 1735 897 1783 mag-ue
920 1721 1128 1777 Quirine,
1150 1722 1258 1770 tuis.

167 1789 281 1841 Jam
302 1789 452 1836 luerat
470 1801 631 1849 poenas
649 1786 790 1834 frater
814 1784 1083 1842 Numitoris,
1107 1795 1154 1835 et
1174 1801 1313 1836 omne

238 1854 487 1901 Pastorum
508 1854 693 1914 gemino
714 1853 798 1899 sub
819 1852 934 1900 duce
953 1852 1120 1915 vulgus
1142 1861 1254 1901 erat.
1417 1855 1517 1902 810

169 1918 458 1971 contrahere
479 1926 697 1980 agrestes,
719 1925 768 1965 et
787 1918 958 1966 moenia
975 1933 1146 1981 ponere
1166 1919 1348 1980 utrique

237 1984 485 2035 Convenit.
518 1983 781 2045 Ambigitur
801 1983 973 2030 moenia
991 1989 1132 2046 ponat
1152 1989 1268 2031 uter.

168 2050 257 2099 Nil
279 2065 340 2112 op
339 2064 396 2096 us
415 2056 500 2103 est,
522 2049 650 2103 dixit,
672 2048 929 2103 certamine,
953 2047 1196 2105 Romulus,
1217 2047 1328 2096 ullo.

237 2065 421 2177 Mapgna
438 2113 550 2161 fides
571 2114 723 2162 avium
744 2121 844 2162 est.
881 2115 1166 2177 experiamur
1187 2129 1310 2161 aves.

171 2180 276 2230 Res
295 2180 459 2244 placet.
490 2180 626 2227 Alter
648 2180 732 2227 init
754 2180 983 2228 nemorosi
1004 2194 1115 2228 saxa
1135 2178 1313 2227 Palati·

235 2245 376 2294 Alter
389 2244 673 2293 Aventinum
689 2242 826 2292 mane
845 2257 1062 2293 cacumen
1084 2245 1190 2292 adit.
1306 2288 1311 2293 .

172 2311 270 2361 Sex
292 2309 484 2367 Remus,
498 2310 571 2357 hic
592 2310 799 2359 volucres
820 2311 890 2358 bis
913 2325 997 2358 sex
1016 2309 1143 2358 videt
1163 2310 1351 2359 ordine.

239 2376 423 2425 statur.
464 2383 510 2422 et
531 2375 761 2424 arbitrium
783 2375 1016 2424 Romulus
1033 2376 1156 2434 urbis
1177 2373 1324 2423 hahet.

168 2443 250 2505 Ap
249 2441 410 2489 tadies
428 2440 610 2503 leg-itur,
632 2457 724 2503 qua
737 2442 908 2490 moenia
928 2442 1080 2504 signet
1099 2447 1265 2489 aratro.

217 2459 381 2556 l,Sacra
401 2505 526 2554 Palis
548 2508 788 2556 suberant·
826 2507 933 2555 inde
953 2511 1164 2556 movetur
1184 2521 1312 2569 opus.
1413 2509 1513 2553 820

169 2574 323 2625 Fons
342 2570 397 2619 fit
418 2571 476 2619 ad
496 2572 720 2620 solidum.
757 2572 915 2636 fruges
929 2573 1164 2635 jaciuntur
1181 2571 1229 2618 in
1251 2568 1357 2626 ima.

188 2638 308 2689 Et
327 2637 386 2684 de
404 2637 555 2686 vicino
575 2646 699 2686 terra
713 2639 856 2701 petita
876 2637 991 2686 solo.

172 2706 323 2757 Fossa
344 2702 541 2766 repletur
559 2704 721 2759 humo,
735 2704 973 2767 plenaeque
991 2701 1238 2765 imponitur
1257 2714 1365 2756 ara;

236 2769 306 2821 Et
326 2784 474 2818 novus
494 2784 686 2819 accenso
705 2769 912 2835 fungitur
931 2766 1206 2876 iguegst'gm‘
