1842 2966
362 145 455 191 156
707 135 765 184 Ρ.
795 135 1031 185 OVIDII
1053 135 1368 187 'NASONIS

357 269 427 318 At
448 264 583 317 simul
603 267 798 329 impulsa
817 275 919 326 est3
954 283 1114 316 omnes
1134 269 1330 316 timuere
1352 269 1549 319 ruinam
1561 288 1577 317 ε

424 333 663 396 Cautaque
683 335 914 381 communi
938 342 1071 396 terga
1090 332 1256 381 dedere
1276 334 1420 396 fugae.
1665 337 1726 380 20

360 402 499 449 Saeva
518 415 604 448 nec
625 400 822 447 admiror
841 407 1053 446 metuunt
1068 400 1106 445 si
1125 399 1335 456 fulmina,
1353 415 1566 461 quorum
1787 392 1788 445 Ῡ

427 464 621 529 Ignibus
642 464 796 512 adflari
816 465 1024 527 proxima
1043 479 1237 525 quaeque
1257 466 1432 513 vident.
1787 482 1788 485 ¹

362 532 455 580 Sed
470 539 622 579 tamen
644 532 693 577 in
714 531 838 577 duris
859 537 1170 576 remanentem
1192 530 1326 577 rebus
1348 531 1564 577 amicum

426 597 690 652 Quamlibet
711 596 860 643 inviso
884 593 1044 643 Caesar
1065 595 1113 640 in
1137 596 1270 642 hoste
1289 596 1471 656 probat.

363 661 470 711 Nec
492 663 610 710 solet
630 662 761 708 irasci
785 662 956 724 (neque
971 661 1093 707 enim
1115 661 1390 707 moderatior
1404 659 1555 722 alter)

433 725 555 777 Cum
571 729 672 789 quis
692 727 739 772 in
762 726 976 781 adversis,
1000 726 1039 772 si
1059 726 1170 786 quid
1188 727 1374 781 amavit,
1396 734 1546 774 amat.

362 793 443 842 De
466 794 631 841 comite
654 791 862 852 Argolici
881 798 1121 853 postquam
1144 792 1365 853 cognovit
1387 791 1600 848 Orestae,

431 859 657 905 Narratur
680 854 884 916 Pyladen
906 857 1005 918 ipse
1025 853 1242 918 probasse
1262 855 1437 904 Thoas.

368 924 490 979 Quae
510 923 598 969 fuit
619 921 853 967 Actoridae
873 936 979 967 cum
995 937 1165 984 magno
1187 937 1366 983 semper
1386 922 1596 978 Achille,

429 988 627 1034 Laudari
644 987 776 1033 solita
792 994 863 1033 est
887 985 1108 1034 Hectoris
1131 1003 1210 1034 ore
1231 986 1357 1035 fides.
1654 990 1717 1034 50

368 1049 508 1108 Quod
529 1053 632 1113 pius
654 1052 711 1098 ad
733 1066 891 1098 manes
911 1051 1123 1100 Theseus
1144 1068 1299 1100 comes
1321 1054 1434 1100 isset
1454 1053 1627 1109 amico,
1793 1038 1794 1083 ¹

430 1116 702 1164 Tartareum
723 1117 881 1164 dicunt
899 1118 1150 1166 indoluisse
1169 1118 1343 1166 Deum.

370 1182 564 1243 Euryali
583 1181 778 1244 Nisique
797 1181 887 1230 fide
907 1184 1003 1239 tibi,
1024 1181 1197 1239 Turne,
1221 1183 1375 1240 relata,

434 1246 660 1296 Credibile
681 1255 752 1296 est
770 1248 969 1296 lacrimis
989 1250 1282 1297 immaduisse
1302 1264 1462 1312 genas.

372 1312 465 1362 Est
481 1315 615 1361 etiam
638 1315 815 1361 miseris
834 1315 994 1376 pietas,
1015 1322 1063 1361 et
1084 1315 1131 1363 in
1153 1316 1286 1363 hoste
1306 1316 1541 1377 probatur.

436 1377 533 1426 Hei
555 1380 678 1437 mihi,
702 1376 838 1440 quam
859 1394 1029 1441 paucos
1050 1380 1151 1427 haec
1172 1396 1275 1428 mea
1294 1381 1420 1428 dicta
1439 1379 1657 1429 movent!

375 1443 474 1493 Hic
497 1452 655 1502 status,
677 1446 777 1493 haec
800 1460 950 1493 rerum
974 1460 1096 1493 nunc
1107 1453 1189 1494 *est
1207 1445 1393 1495 fortuna
1413 1461 1632 1503 mearum,

437 1510 621 1559 Debeat
642 1520 694 1559 ut
714 1512 911 1558 lacrimis
934 1511 1085 1559 nullus
1105 1513 1264 1560 adesse
1279 1514 1459 1560 modus.

373 1574 444 1624 At
464 1593 569 1625 mea
590 1585 709 1632 sunt,
731 1577 912 1639 proprio
934 1578 1141 1637 quamvis
1160 1579 1457 1626 moestissima
1473 1593 1595 1635 casu,
1677 1617 1688 1626 .

438 1641 636 1690 Pectora
655 1658 869 1704 processu
890 1641 1013 1689 facta
1034 1657 1194 1691 serena
1214 1650 1310 1691 tuo.
1647 1645 1703 1689 40

373 1706 485 1754 Hoc
506 1714 777 1755 eventurum
790 1708 889 1769 Jam
910 1714 1024 1762 tum,
1046 1710 1292 1765 carissime,
1313 1709 1423 1765 vidi,

438 1771 601 1820 Ferret
621 1773 767 1820 adhuc
787 1773 920 1821 istam
943 1771 1048 1820 culm
1070 1774 1220 1821 minor
1240 1790 1350 1823 aura
1370 1781 1531 1824 ratem.

375 1836 486 1885 Sive
507 1838 688 1899 aliquod
707 1853 900 1893 morum,
924 1854 1005 1885 seu
1026 1840 1136 1886 vitae
1157 1840 1257 1887 labe
1278 1842 1475 1888 carentis

438 1902 528 1951 Est
542 1905 767 1967 pretium;
802 1919 936 1951 nemo
958 1904 1099 1966 pluris
1114 1906 1344 1953 habendus
1367 1907 1468 1953 erit.

376 1968 486 2017 Sive
505 1985 587 2031 per
607 1971 830 2032 ingenuas
851 1970 1012 2031 aliquis
1031 1978 1168 2032 caput
1186 1971 1352 2019 extulit
1371 1979 1521 2030 artes3

441 2034 672 2088 Quaelibet
692 2034 873 2095 eloquio
896 2034 948 2081 fit
968 2036 1089 2082 bona
1107 2051 1269 2084 caussa
1288 2044 1385 2084 tuo.

375 2099 471 2148 His
491 2116 580 2163 ego
602 2107 870 2155 commotus,
892 2100 987 2147 dixi
1008 2100 1088 2148 tibi
1108 2102 1316 2163 protinus
1336 2102 1455 2165 ipsi;

443 2164 594 2212 Scena
613 2173 768 2212 manet
782 2164 918 2230 xdotes
940 2166 1139 2228 grandis,
1162 2168 1321 2223 amice,
1343 2174 1462 2215 tuas.

379 2230 504 2279 Haec
524 2231 636 2277 mihi
657 2246 750 2278 non
771 2231 927 2277 ovium
946 2230 1086 2287 fibrae,
1106 2233 1363 2280 tonitrusve
1383 2232 1560 2290 sinistri,

440 2295 685 2358 Linguave
704 2302 911 2352 servatae,
935 2312 1156 2359 pennave,
1178 2298 1295 2345 dixit
1316 2298 1429 2347 avis.
1635 2299 1692 2346 50

371 2360 635 2423 Augurium
654 2361 772 2408 ratio
793 2366 877 2416 est,
901 2369 950 2408 et
965 2363 1224 2425 conjectura
1242 2361 1385 2411 futuri
1403 2380 1416 2411 z

443 2422 552 2471 Hac
572 2425 785 2480 divinavi,
807 2427 1228 2488 notitiamquetuli.

379 2489 501 2545 Quae
522 2490 736 2550 quoniam
756 2506 865 2539 vera
884 2500 988 2549 est;
1021 2490 1121 2539 tota
1141 2493 1254 2541 mihi
1272 2501 1429 2543 mente
1447 2494 1599 2558 tibique

346 2587 357 2596 .
441 2555 929 2619 Gramion-ingenium
946 2572 1040 2605 non
1059 2557 1247 2606 latuisse
1267 2565 1414 2606 tuum.
1495 2617 1502 2624 .

373 2619 443 2668 At
464 2628 669 2668 nostrum
689 2622 886 2672 tenebris
905 2623 1079 2670 utinam
1098 2623 1365 2672 latuissetin
1386 2624 1514 2674 imis!

437 2684 639 2750 Expedit
659 2688 708 2735 in
729 2687 879 2748 studio
898 2688 1054 2737 lumen
1076 2688 1232 2737 abesse
1252 2704 1370 2737 meo.
1463 2749 1470 2754 .
1525 2733 1529 2740 .
1585 2695 1616 2742 ⁴.
