1842 2966
560 184 946 237 PASTORUM
980 184 1090 235 Lu.
1109 186 1175 236 V.
1313 194 1326 205 “
1459 192 1550 239 101

166 290 697 372 Prounua'iaaerentam
712 319 925 383 ‘decerpsi
944 318 1112 382 pollice
1130 317 1305 367 florem.

251 387 534 450 Tangitur3
557 393 605 433 et
623 392 748 434 tacto
769 386 966 448 concipit
980 386 1058 432 ina
1079 385 1193 432 sinu.

169 452 405 514 Jamque
425 453 579 515 gravis
599 451 822 508 Thracen,
847 459 894 499 et
915 451 1036 498 laeva
1059 449 1361 514 Propontidos
1382 451 1550 501 intrat:

260 518 442 580 Fitque
462 525 623 580 potens
642 520 771 576 πνοιὴ
797 517 1018 578 Marsque
1040 524 1216 563 creatus
1238 524 1350 564 erat.

182 583 299 640 Qui
323 598 505 630 memor
527 584 698 645 accepti
719 599 802 645 per
821 599 899 630 me
919 583 1095 660 natalis,
1122 581 1312 629 Habeto

260 648 350 696 Tu
373 663 550 711 quoque
565 647 805 704 Romulei,
829 649 956 703 dixit,
980 649 1027 694 in
1055 647 1184 694 Urbe
1205 648 1373 695 locum.
1459 653 1560 697 260

184 713 459 763 Forsitan*
442 730 494 761 m
510 715 679 762 teneris
698 712 874 761 tannim
897 729 1001 760 mea
1021 727 1167 775 regna
1187 714 1368 760 coronis

260 778 393 827 Esse
412 787 570 842 putes·
560 815 571 827 .
600 787 797 842 tangunt
818 794 992 826 numen.
1005 786 1052 826 et
1073 794 1183 825 arva
1198 793 1367 826 meum.

188 845 248 895 si
271 847 397 892 bene
418 844 653 892 floruerint
673 853 881 907 segetes3
905 846 993 891 erit
1013 859 1118 892 area
1138 845 1281 892 dives.

273 910 328 957 Si
344 911 460 958 bene
481 910 685 957 floruerit
705 912 862 967 vinea3
887 909 1098 957 Bacchus
1114 911 1214 958 erit.

201 977 260 1025 Si
282 976 402 1022 bene
422 975 660 1023 floruerint
680 976 820 1033 oleae3
855 975 1151 1025 nitidissimus
1172 990 1335 1023 annus·

276 1040 518 1102 Pomaque
536 1048 807 1103 proventum
829 1043 1045 1103 temporis
1062 1043 1194 1104 hujus
1216 1042 1396 1088 habent.

202 1105 355 1155 Flore
376 1106 516 1153 semel
536 1107 649 1153 laeso
671 1114 862 1168 pereunt
881 1108 1103 1168 viciaeque
1124 1107 1361 1168 fabaequez

276 1171 348 1219 Et
367 1179 558 1234 pereunt
578 1172 738 1227 lentes,
761 1173 936 1219 advena
957 1171 1079 1227 Nile,
1103 1179 1211 1218 tuae.

207 1237 344 1298 vigra
363 1253 543 1299 quoque
555 1238 602 1284 in
619 1239 800 1300 magnis
823 1235 1015 1299 operose
1038 1238 1220 1284 condita
1240 1237 1367 1284 cellis

280 1301 500 1350 Florent.
529 1310 576 1350 et
597 1303 775 1350 nebulae
797 1303 918 1350 dolia
941 1317 1116 1349 summa
1139 1309 1317 1365 tegunt.
1433 1307 1438 1313 '
1466 1305 1566 1350 270

213 1368 368 1417 Mena
387 1377 539 1415 meum
561 1384 750 1416 munus·
789 1368 1000 1415 volueres
1016 1383 1106 1429 ego
1129 1368 1267 1414 mella
1287 1368 1468 1415 daturas

282 1431 361 1481 Ad
380 1435 560 1491 violam,
584 1443 631 1481 et
652 1435 868 1499 cythisos,
891 1441 939 1481 et
961 1434 1120 1495 thyma
1141 1447 1253 1480 cana
1271 1447 1403 1480 voco.

217 1499 327 1549 Nos
347 1516 525 1563 quoque
545 1502 667 1548 idem
688 1501 908 1548 facimus·
937 1506 1047 1546 tunc
1070 1495 1173 1545 enirn
1186 1499 1464 1561 juvenilibus
1480 1509 1562 1546 an·-

282 1565 538 1614 Luxuriant
559 1567 713 1622 animi,
735 1580 1014 1628 corporaque
1033 1565 1131 1626 ipsa
1146 1566 1309 1611 virent.
1468 1561 1563 1649 [nis

223 1631 357 1680 Talia
377 1632 601 1679 dicentem
624 1633 789 1679 tacitus
810 1633 1016 1679 mirabar.
1053 1630 1121 1676 At
1142 1629 1231 1685 illa,

286 1696 375 1746 Jus
398 1699 475 1744 tibi
498 1698 712 1753 discendi,
737 1698 774 1744 si
795 1713 886 1759 qua
907 1695 1110 1758 requiris,
1134 1695 1212 1742 ait.

220 1762 331 1817 Die,
353 1762 472 1818 Dea,
494 1762 717 1818 ludorum,
741 1763 964 1827 respondi,
988 1776 1092 1823 quae
1114 1762 1173 1808 sit
1195 1761 1340 1824 origo.
1375 1793 1384 1800 ι

288 1827 384 1875 Vix
404 1829 521 1875 bene
538 1829 759 1875 desieram
778 1846 794 1885 ;
816 1829 971 1876 retulit
987 1828 1062 1873 illa
1083 1827 1209 1873 mihi.
1422 1837 1426 1842 ·

228 1892 394 1943 Cetera
412 1894 607 1941 luxuriae
627 1893 830 1941 nondum
851 1894 1154 1939 instrumenta
1173 1891 1416 1953 vigebant:

291 1959 387 2006 Aut
407 1974 560 2021 pecus,
584 1965 663 2005 aut
684 1959 820 2005 latam
842 1959 969 2006 dives
990 1958 1178 2004 habebat
1199 1959 1402 2003 humum.
1468 1958 1566 2001 280

231 2023 356 2072 Hinc
376 2025 514 2071 etiarn
535 2024 748 2086 locuples,
771 2025 877 2071 hine
891 2025 991 2086 ipsa
1009 2023 1201 2086 pecunia
1220 2022 1340 2068 dicta
1359 2027 1445 2067 est.

296 2089 414 2137 Sed
393 2105 493 2153 Jam
507 2090 564 2137 de
584 2090 726 2136 vetito
748 2091 939 2151 quisque
958 2090 1143 2151 parabat
1164 2102 1288 2149 opes.

231 2154 462 2203 Venerat’
449 2171 497 2201 m
518 2170 693 2202 morem
707 2156 859 2223 populi
881 2156 1122 2216 depascere
1143 2154 1315 2201 saltus·

297 2219 438 2283 quue
453 2220 530 2267 diu
545 2220 684 2281 licuit,
707 2223 933 2283 poenaque
953 2220 1076 2267 nulla
1094 2219 1196 2266 fuit.

236 2284 425 2334 Vindice
441 2287 680 2333 servabant
699 2285 826 2333 nullo
848 2300 931 2333 sua
949 2285 1129 2362 publiea
1148 2283 1347 2346 vulgus:

296 2350 485 2415 Jamque
506 2352 554 2397 in
569 2352 747 2413 privato
767 2366 952 2412 pascere
971 2351 1129 2397 inertis
1150 2357 1261 2396 erat.

240 2415 383 2465 Plebis
405 2417 462 2464 ad
483 2416 661 2463 AEdiles
676 2416 824 2463 delata
843 2417 1027 2474 licentia
1045 2416 1150 2461 talis

302 2481 554 2529 Publicius.
584 2482 759 2528 animus
775 2481 918 2528 defuit
939 2477 1048 2528 ante
1067 2481 1193 2527 viris.

244 2547 355 2596 Rem
376 2548 569 2610 populus
590 2548 778 2609 recipit:
807 2547 1024 2594 mulctam
1046 2546 1222 2593 subiere
1243 2548 1475 2591 nocentes.

303 2611 564 2660 vindicibus
583 2613 704 2659 laudi
724 2612 902 2675 publica
924 2627 1033 2659 cura
1050 2610 1152 2658 fuit.
1477 2609 1575 2653 290

248 2677 421 2727 Muleta
433 2679 537 2726 duta
557 2684 629 2725 est
649 2692 709 2725 ex
728 2685 855 2740 parte
876 2678 1014 2724 mihi.
1040 2689 1302 2746 magnoque
1320 2671 1479 2720 favore

298 2741 510 2792 Victores
533 2742 694 2792 Ludos
714 2743 952 2792 instituere
972 2756 1133 2791 novos.
1200 2807 1236 2850 3

1146 2818 1181 2851 ι
