1842 2966
323 161 419 208 188
576 179 579 184 >
667 155 725 204 Ρ.
758 151 995 205 ovum
1025 145 1328 204 NASONIS

315 287 375 338 In
436 287 516 336 nio
532 293 686 335 tamen
706 287 804 350 ipse
824 302 929 335 meo
952 285 1233 348 comitorque
1250 284 1505 349 fruorque-e

376 304 535 403 genesar
553 354 602 400 in
622 354 710 401 hoc
730 353 879 416 potuit
889 353 1009 416 juris
1030 353 1193 399 habere
1214 352 1343 399 nihil.

314 419 518 475 Quih’bet
536 418 652 466 hanc
669 433 793 466 saevo
812 419 953 466 vitam
976 418 1086 465 mihi
1107 416 1235 465 finiat
1254 432 1397 474 ense3

374 484 461 532 Me
480 492 632 532 tamen
656 485 878 531 exstincto
899 483 1022 530 fama
1044 489 1269 545 superstes
1291 483 1396 530 erit.
1625 487 1696 532 50

314 550 536 612 Dumque
558 552 651 597 suis
671 550 836 598 victrix
859 561 1041 596 ornnem
1064 549 1121 595 de
1141 548 1370 595 montibus
1387 548 1565 597 orbem

382 615 637 678 Prospiciet
660 615 881 663 domitum
904 614 1078 661 Martia
1098 613 1264 668 Roma,
1286 612 1435 676 legar.

313 680 392 729 Tu
414 696 606 743 quoque,
628 696 765 742 quam
789 680 925 728 studii
945 686 1127 727 maneat
1146 678 1322 727 felicior
1343 691 1474 735 usus,

378 745 550 811 Effuge
573 753 804 803 venturoS,
827 743 917 808 qud
937 752 1082 809 potes,
1105 758 1252 807 usque
1272 757 1435 809 rogos.

761 937 1033 990 ELEGIA
1064 936 1215 987 vm.

306 1069 461 1117 ,Nunc
484 1082 573 1133 ego
592 1066 864 1130 Triptolemi
885 1084 1098 1131 cuperem
1120 1068 1428 1117 conscendere
1449 1083 1634 1128 currus,

380 1132 515 1179 Misit
531 1134 578 1179 in
600 1133 806 1195 ignotam
829 1135 906 1195 qui
930 1136 1041 1181 rude
1062 1149 1216 1182 semen
1237 1135 1427 1181 humum
1448 1153 1461 1182 ι

316 1197 456 1245 Nunc
478 1212 568 1260 ego
591 1197 778 1246 Medeae
798 1200 964 1247 vellem
985 1198 1163 1247 frenare
1178 1199 1411 1259 dracones,

306 1297 313 1303 -
381 1262 512 1317 Quos
529 1264 683 1311 habuit
703 1264 888 1328 fugiens
910 1279 1027 1321 arce,
1052 1264 1288 1320 Corinthe,
1306 1263 1388 1312 tufi
1402 1281 1418 1311 ε

312 1327 453 1386 Nune
476 1343 566 1391 ego
579 1330 816 1393 Jactandas
832 1337 1035 1393 optarem
1058 1344 1239 1377 sumere
1257 1344 1445 1392 pennas,

380 1393 487 1441 Sive
508 1402 623 1449 tuas,
649 1394 822 1444 Perseu
834 1412 851 1453 ;
887 1394 1095 1451 Daedale,
1120 1396 1219 1443 sive
1238 1401 1365 1444 tuast

315 1457 398 1516 Ut,
422 1458 579 1508 tenera
595 1461 764 1509 nostris
782 1461 976 1509 cedente
996 1461 1223 1509 volatibus
1242 1456 1367 1516 auffi,

378 1525 673 1588 Adspicerem
694 1528 854 1589 patriae
875 1526 1007 1573 dulce
1028 1523 1217 1588 repente
1238 1525 1417 1574 solum:

314 1588 616 1652 Desertaeque
637 1590 800 1639 domus
819 1591 1011 1647 vultum,
1034 1594 1349 1653 memoresque
1370 1588 1560 1648 sodales,

374 1653 582 1717 caraque
602 1653 830 1719 praecipue
853 1657 1061 1719 conjugis
1081 1671 1162 1704 ora
1181 1658 1307 1703 nnhi.
1589 1658 1649 1704 10

306 1719 474 1775 Stulte,
496 1721 605 1781 quid
625 1718 655 1768 ὃ
670 1720 838 1769 frustra
852 1723 973 1769 votis
992 1722 1236 1785 puerilibus
1259 1728 1400 1785 optate,

381 1783 503 1839 Quae
518 1801 610 1833 non
633 1786 726 1834 ulla
745 1787 863 1842 tulit,
884 1786 1074 1849 fertque,
1090 1786 1306 1850 feretque,
1329 1787 1424 1835 dies
1437 1786 1462 1832 ἲ

309 1848 362 1898 Si
386 1850 527 1898 semel
545 1851 790 1915 optandum
811 1859 894 1908 est,
919 1853 1185 1917 Augustum
1208 1867 1376 1900 numen
1397 1852 1528 1900 adora
1543 1867 1560 1899 z

371 1913 439 1962 Et
458 1931 594 1978 quem
614 1918 786 1973 laesisti,
811 1919 896 1966 rite
915 1933 1109 1980 precare,
1134 1918 1310 1966 Deum.

308 1978 400 2027 Ille
420 1982 500 2028 tibi
521 1997 782 2044 pennasque
798 1989 952 2045 potest
973 1998 1219 2044 currusque
1240 1983 1450 2032 volucres

373 2044 590 2094 Tradere.
625 2047 724 2094 Det
747 2049 941 2096 reditum
960 2064 975 2105 ;
1010 2048 1215 2110 protinus
1237 2048 1330 2096 ales
1350 2049 1455 2096 eris.

306 2109 360 2158 si
381 2124 538 2173 precer
559 2113 671 2167 haec,
696 2113 868 2176 (neque
888 2113 1010 2161 enim
1031 2115 1201 2176 possim
1223 2116 1396 2177 majora
1414 2109 1604 2176 precari)

373 2175 453 2223 Ne
467 2191 569 2224 mea
589 2177 681 2223 sint
701 2179 840 2224 timeo
856 2185 965 2226 vota
985 2179 1188 2226 modesta
1208 2192 1385 2242 panma-

315 2238 525 2289 Forsitan
548 2242 634 2288 hoc
655 2241 778 2297 olim,
801 2239 905 2290 cum
930 2258 979 2291 se
1002 2244 1229 2291 satiaverit
1247 2245 1327 2301 ira,

370 2305 494 2352 Tum
517 2321 695 2367 quoque
716 2305 906 2354 sollicita
926 2317 1080 2356 mente
1099 2310 1328 2371 rogandus
1349 2308 1449 2356 erit.
1566 2310 1631 2355 20

313 2369 454 2424 Quod
474 2371 623 2418 minus
645 2372 817 2422 interea
837 2379 923 2428 est,
945 2374 1087 2421 ins-tar
1105 2375 1217 2421 mihi
1238 2373 1439 2422 muneris
1457 2370 1598 2435 ampli.

377 2433 457 2481 Ex
477 2434 547 2481 his
567 2449 642 2483 me
651 2437 812 2498 jubeat
831 2439 1030 2498 quolibet
1048 2440 1116 2486 ire
1135 2439 1263 2487 locis.
1472 2490 1476 2495 ,

307 2495 412 2545 Nee
424 2498 604 2555 coelum,
627 2516 712 2548 nec
732 2517 863 2564 aquae
882 2503 1068 2560 faciunt,
1087 2518 1173 2551 nee
1193 2510 1326 2559 terra,
1350 2517 1436 2550 nec
1456 2515 1598 2559 auraes

375 2560 442 2608 Et
461 2564 572 2610 mihi
591 2574 832 2630 perpetuus
853 2583 1042 2631 corpora
1059 2568 1254 2631 languor
1273 2569 1422 2616 habet.

307 2625 400 2675 Seu
420 2627 583 2675 vitiant
603 2637 726 2679 artus
748 2646 889 2697 aegrae
908 2632 1121 2695 contagia
1140 2633 1341 2692 mentitu

314 2724 325 2737 s
369 2690 480 2742 Sive
498 2695 588 2744 mei
608 2711 767 2748 caussa
785 2705 856 2748 est
872 2699 926 2747 in
947 2699 1135 2763 regione
1153 2698 1289 2746 mali:
