1842 2966
330 162 643 216 EPISTOL·
672 161 773 216 Ex
806 161 1041 214 PONTO
1072 163 1183 213 L1s.
1204 164 1275 216 11.
1308 172 1357 215 2.
1421 173 1520 217 2⁶9

130 297 388 359 Quaeque
407 305 487 344 tua
508 305 579 344 est
598 297 740 358 pietas
760 296 809 344 in
831 302 981 346 totum
1003 311 1169 345 nomen
1193 295 1299 353 lini,

223 362 308 410 Te
327 364 448 417 laedi,
474 360 578 408 cum
599 362 699 423 quis
720 362 900 408 laeditur
921 363 1040 416 inde,
1063 368 1210 424 putas.

133 428 257 478 Sed
278 426 396 478 lieet
416 437 542 475 arma
560 426 692 482 feras,
716 435 762 474 et
783 427 974 476 vulnera
995 442 1120 474 saeva
1139 428 1353 486 mineris3

221 492 348 540 Non
372 501 524 541 tamen
547 492 727 547 efficies,
752 500 803 539 ut
826 493 1012 539 timeare
1033 493 1162 539 mihi.

133 560 342 621 Puppis
365 558 723 606 Achaemeniden
748 558 941 620 Grajum
962 557 1164 620 Troiana.
1182 558 1379 620 recepit:

224 623 421 672 Profuit
441 629 490 670 et
510 622 653 684 Myso
676 622 829 670 Pelias
850 624 980 670 hasta
999 624 1116 670 duci.

145 688 400 752 Confugit
420 688 646 735 interdum
669 689 824 750 templi
846 689 1041 736 violator
1062 688 1118 735 ad
1139 703 1279 743 aram,

224 754 340 801 Nec
363 759 516 817 petere
537 753 697 802 offensi
720 754 917 801 numinis
940 755 1094 810 horret
1115 770 1264 815 opem.

143 819 358 870 Dixerit
377 821 465 870 hoc
487 817 647 879 aliquis
666 826 814 866 tutum
837 835 930 866 non
953 835 1080 876 ease3
1114 818 1332 867 fatemur:
1481 857 1484 862 .

227 886 327 932 Sed
350 898 442 934 non
462 900 544 945 per
563 884 758 945 placidas
780 885 817 931 it
837 900 940 933 mea
960 885 1120 947 puppis
1142 900 1296 946 aquas.
1447 888 1515 930 30

146 950 289 999 Tuta
310 956 473 1012 petant
493 950 581 996 alii.
616 948 821 998 Fortuna
841 950 1091 997 miserrima
1113 957 1212 998 tuta
1232 958 1329 999 est·

223 1014 361 1063 Nam
384 1015 520 1061 tImor
540 1014 731 1062 eventus
752 1016 985 1063 deterioris
1005 1017 1146 1063 abest.

151 1079 289 1147 [Qui
314 1081 485 1143 rapitur
504 1079 621 1130 fatis,
645 1080 753 1140 quid
772 1087 938 1142 praeter
958 1080 1050 1127 fata
1072 1080 1304 1142 requirat?

227 1146 369 1208 Saepe
390 1152 511 1194 creat
531 1144 691 1191 molles
712 1160 870 1207 aspera
890 1147 1020 1207 spina
1040 1146 1205 1209 rosaa]

151 1212 260 1269 Qui
283 1211 459 1273 rapitur
479 1217 717 1286 spumante
736 1210 846 1265 salo,
870 1225 953 1255 sua
970 1211 1155 1259 brachia
1167 1212 1286 1258 cauti

228 1276 448 1338 Porrigit,
472 1282 519 1323 et
540 1276 691 1337 spinas
712 1274 909 1334 duraque
933 1288 1042 1319 saxa
1063 1276 1196 1334 capit.

154 1343 313 1404 Accip
313 1343 444 1390 itrem
466 1347 675 1388 metuens
695 1338 857 1400 pennis
877 1338 1204 1414 trepidantibus
1223 1338 1318 1387 ales

229 1407 390 1455 Audet
409 1406 465 1454 ad
485 1407 707 1453 humanos
725 1403 847 1451 fessa
866 1404 1027 1450 venire
1046 1403 1186 1449 sinus.

156 1473 271 1524 Nec
294 1489 344 1520 se
362 1473 514 1519 vicino
536 1471 709 1518 dubitat
728 1469 1014 1517 committere
1034 1475 1172 1524 tecto,

231 1540 356 1604 Ωιιω
374 1537 494 1600 fugit
511 1536 701 1585 infestas
720 1535 878 1582 territa
898 1550 1034 1582 cerva
1058 1549 1209 1581 canes.
1442 1538 1508 1579 40

156 1605 260 1660 Da,
282 1618 456 1666 precor,
480 1616 711 1649 accessum
731 1601 943 1655 lacrimis,
966 1601 1219 1656 mitissime,
1241 1599 1430 1678 nostris.

231 1669 336 1717 Nec
355 1667 538 1715 timidis
546 1667 737 1728 rigidam
758 1667 947 1713 vocibus
969 1666 1083 1712 obde
1103 1648 1276 1712 forant*

157 1735 405 1796 Verbaque
427 1740 583 1781 nostra
595 1731 755 1780 favens
770 1731 982 1778 Romana
1004 1731 1062 1778 ad
1085 1730 1291 1777 Numina
1310 1729 1472 1793 perfer,

228 1800 341 1849 Non
363 1799 441 1846 tibi
463 1796 663 1875 Tarpejo
683 1798 806 1845 culta
825 1795 1039 1844 Tonante
1059 1795 1226 1843 minua.

161 1866 465 1927 Mandatique
486 1863 577 1910 mei
599 1864 780 1940 legatus
802 1864 980 1924 suscipe
1002 1871 1239 1909 caussam.

230 1930 373 1978 Nulla
390 1945 496 1978 meo
516 1929 723 1991 quamvis
744 1928 929 1975 nomine
951 1943 1110 1975 caussa
1128 1928 1251 1975 bona
1268 1932 1355 1973 est.

159 1997 272 2048 Jam
293 1992 432 2059 prope
454 1995 708 2057 depositus,
718 1990 843 2040 certe
854 1994 953 2055 jam
974 1993 1181 2056 frigidus,
1203 1988 1331 2055 aegre

233 2062 446 2109 Servatus
466 2075 547 2122 per
567 2066 628 2115 te,
653 2060 691 2107 si
713 2056 852 2107 modo
871 2075 1042 2114 servor,
1065 2075 1161 2105 ero.

166 2127 309 2176 Nunc
329 2133 408 2173 tua
427 2132 509 2188 pro
530 2125 669 2187 lapsis
692 2125 860 2172 nitatur
874 2126 1023 2187 gratia
1044 2126 1190 2179 rebus,
1282 2139 1287 2143 ·

232 2190 456 2253 Principis
469 2192 634 2239 veterni
654 2206 790 2252 quam
811 2191 891 2237 tibi
912 2196 1101 2252 praestat
1120 2204 1265 2236 amor.
1440 2190 1508 2236 50

168 2257 310 2308 Nunc
330 2257 408 2303 tibi
429 2261 478 2304 et
497 2255 663 2317 eloquii
677 2256 799 2302 nitor
819 2256 896 2303 ille
917 2255 1195 2302 domesticus
1213 2250 1343 2309 adsit,

213 2323 339 2379 -Quo
358 2328 542 2399 poteras
561 2322 746 2383 trepidis
766 2321 891 2369 utilis
911 2336 1012 2368 esse
1034 2321 1139 2368 reis.

170 2388 299 2437 Vivit
318 2389 437 2436 enim
459 2388 508 2434 in
529 2388 657 2435 vobis
677 2386 858 2434 facundi
878 2386 1039 2448 lingua
1058 2385 1292 2448 parentis·
1277 2419 1295 2442 ‚

235 2452 298 2501 Et
317 2469 388 2503 rea
408 2453 620 2500 heredem
642 2453 809 2515 reperit
827 2452 905 2499 illa
920 2467 1071 2498 suum.

174 2519 305 2567 Hanc
321 2535 410 2582 ego
423 2532 532 2574 non,
555 2526 608 2566 ut
627 2533 703 2565 me
723 2517 966 2564 defendere
984 2521 1147 2571 tentet,
1167 2516 1320 2565 adoro.

234 2584 339 2632 Non
360 2591 431 2633 est
451 2583 650 2631 confessi
667 2598 826 2631 caussa
845 2582 1016 2629 tuenda
1037 2584 1118 2646 rei.

175 2650 296 2701 Num
318 2657 468 2699 tamen
482 2664 676 2697 excuses
693 2647 859 2695 erroris
879 2647 1083 2708 imagine
1101 2647 1286 2697 factum,
1370 2671 1379 2675 -

238 2716 310 2764 An
329 2712 441 2767 nihil
460 2716 671 2780 expediat
692 2715 782 2776 tale
802 2727 1005 2768 movere,
1025 2713 1143 2760 vide.
1164 2766 1173 2769 4

831 2783 862 2826 2
884 2792 918 2824 A
950 2781 984 2823 5
