1842 2966
283 147 591 208 EPISTOL.
613 147 711 197 EX
734 146 967 198 PONTO
990 147 1097 197 Im.
1113 148 1213 199 111.
1229 156 1274 199 9.
1360 155 1473 201 309-

120 280 207 329 Nil
229 280 320 328 nisi
336 296 413 329 me
435 279 555 328 terr&
571 280 696 330 fruar
717 289 771 329 ut
789 281 999 343 propiore
1019 296 1207 342 rogare;

186 346 269 400 Et,
292 343 425 407 quam
449 348 535 392 sim
559 347 698 394 denso
720 348 896 394 cinctus
917 347 973 392 ab
987 346 1130 400 hoste,
1152 348 1293 408 queri.

118 410 163 459 Ο
188 408 326 471 quam
349 412 406 459 de
425 412 580 459 multis
601 413 759 459 vitium
781 412 1119 474 reprehenditur
1140 410 1308 460 unum!

186 475 301 523 Hoc
323 484 479 539 peccat
500 477 645 524 solum
668 478 706 524 si
725 491 828 524 mea
850 476 1003 532 Musa,
1025 477 1142 523 bene
1160 483 1246 524 est.

117 539 231 605 Ipse
252 557 342 603 ego
362 542 576 589 librorum
599 543 731 589 video
753 542 916 590 delicta
936 556 1174 598 meorum3

188 603 313 657 cum
336 622 416 656 sua
437 605 538 669 plus
548 609 678 670 justo
700 609 898 655 carmina
918 608 1108 669 quisque
1128 606 1301 669 probet.

116 671 304 720 Auctor
324 687 438 734 opus
459 672 625 720 laudat.
658 673 734 719 Sic
754 672 945 720 forsitan
970 671 1142 734 Agrius
1163 671 1274 719 olim

184 735 431 784 Thersiten
453 736 568 785 facie
589 738 753 785 dixerit
772 753 872 784 esse
891 735 1026 784 bona.
1262 763 1268 768 -
1396 740 1460 782 10

112 800 354 853 Judicium
376 810 527 852 tamen
549 803 622 849 hic
645 809 849 850 nostrum
870 818 965 850 non
987 803 1154 864 decipit
1173 817 1326 859 error;

187 866 296 914 Nec
316 867 532 928 quidquid
549 869 701 930 genui,
724 869 929 930 protinus
950 863 1061 915 illud
1081 884 1199 916 amo.

115 930 224 982 Cur
245 932 398 994 igitur,
422 935 460 980 si
481 949 556 980 me
575 934 752 981 videam
774 935 1051 996 delinquere„
1065 947 1263 996 peccem,

188 996 258 1045 Et
278 998 421 1058 patiar
441 999 609 1060 scripto
630 1000 802 1045 crimen
823 999 985 1053 inesse,
1010 1014 1145 1061 rogas
1159 997 1182 1044 ἰ’

117 1061 239 1111 Non
260 1063 416 1109 eadem
433 1065 545 1111 ratio
561 1070 644 1118 est,
655 1065 836 1111 -sentire
854 1071 901 1111 et
917 1065 1098 1112 demere
1112 1064 1310 1111 morbos-

192 1128 364 1175 Sensus
386 1130 503 1175 inest
524 1130 727 1186 cunctis;
763 1129 937 1176 tollitur
957 1137 1054 1176 arte
1075 1130 1262 1176 malum.

117 1194 261 1255 Saepe
284 1193 463 1255 aliquod
483 1194 669 1256 cupiens
685 1195 870 1241 verbum
892 1200 1082 1248 mutare,
1106 1194 1340 1255 relinquo3

189 1257 422 1307 Judicium
443 1260 563 1307 vires
584 1260 924 1320 destituuntque
942 1273 1110 1306 meum.

120 1323 261 1385 Saepe
282 1324 408 1385 piget
431 1324 560 1388 (quid
582 1325 701 1372 enim
724 1323 923 1370 dubitem
946 1322 1024 1370 tibi
1044 1337 1154 1370 vera
1172 1321 1305 1371 fateri
1316 1320 1362 1383 2)

192 1387 451 1451 corrigere,
474 1396 521 1436 et
538 1390 668 1452 longi
689 1388 808 1436 ferre
826 1389 993 1436 laboris
1015 1403 1146 1436 onus.
1396 1391 1463 1435 20

122 1449 407 1505 Scribentem
420 1457 556 1519 juvat
576 1457 672 1519 ipse
691 1454 834 1510 favor,
858 1453 1109 1515 minuitque
1127 1454 1354 1511 laborem3

194 1519 404 1581 Cumque
426 1537 508 1568 suo
530 1536 736 1569 crescens
756 1528 941 1583 pectore
961 1518 1109 1567 servet
1130 1534 1256 1581 opus.

128 1584 378 1648 Corrigere
397 1594 444 1634 at
460 1602 531 1633 res
553 1594 624 1633 est
644 1592 773 1633 tanto
795 1586 943 1649 magis
965 1586 1116 1641 ardua,
1140 1589 1311 1646 quanto

195 1650 401 1714 Magnus
424 1651 689 1699 Aristarcho
709 1653 853 1714 major
875 1650 1112 1699 Homerus
1133 1656 1244 1697 erat.

126 1715 208 1765 Sic
232 1717 431 1763 animum
454 1717 578 1764 lento
600 1732 806 1764 curarum
826 1717 1000 1780 frigore
1019 1717 1157 1772 laedit,

197 1780 269 1828 Ut
291 1782 436 1843 cupidi
459 1798 616 1830 cursor
635 1781 764 1829 frena
785 1790 981 1831 retentat
1001 1783 1119 1844 equi.
1359 1821 1364 1825 .

126 1845 288 1907 Atque
309 1847 373 1893 ita
393 1846 462 1893 Di
482 1848 615 1894 mites
637 1847 843 1895 minuant
861 1850 973 1894 mihi
997 1846 1194 1897 Caesaris
1214 1846 1344 1900 iram,

197 1911 405 1972 Ossaque
424 1911 585 1975 pacata
604 1920 760 1959 nostra
780 1921 994 1976 tegantur
1014 1914 1186 1969 humo;

129 1976 206 2025 Ut
228 1977 339 2023 mihi
363 1978 542 2025 conanti
566 1993 903 2039 nonnumquam
926 1979 1160 2025 intendere
1181 1992 1325 2031 curas,

197 2041 420 2090 Fortunae
441 2043 613 2104 species
633 2044 781 2090 obstat
801 2045 961 2091 acerba
979 2057 1110 2089 meae.
1399 2043 1468 2087 30

127 2106 321 2168 Vixque
342 2108 452 2153 mihi
472 2107 643 2162 videor,
662 2107 823 2155 faciam
846 2106 967 2169 quod
988 2108 1199 2162 carmina,
1224 2121 1390 2163 sanus;

199 2171 350 2233 Inque
369 2172 476 2220 feris
498 2189 649 2220 curem
674 2174 899 2236 corrigere
919 2173 996 2220 illa
1020 2173 1168 2220 Getis.

127 2236 219 2286 Nil
240 2245 394 2285 tamen
416 2234 444 2284 ὲ
466 2239 642 2300 scriptis
663 2240 809 2302 magis
831 2239 1086 2286 excusabile
1107 2237 1287 2290 nostris,

203 2299 357 2356 Quam
380 2318 539 2350 sensus
561 2304 736 2350 cunctis
755 2300 873 2366 pene
896 2300 1016 2366 quod
1039 2318 1155 2349 unus
1174 2303 1306 2349 inest.

130 2367 273 2416 Laeta
292 2365 389 2414 fere
410 2367 544 2414 laetus
565 2369 721 2423 cecini,
745 2385 857 2416 cano
880 2369 1026 2416 tristia
1046 2368 1203 2414 tristis.

200 2430 496 2480 Conveniens
519 2434 645 2494 operi
667 2440 844 2497 tempus
867 2443 1107 2494 utrumque
1130 2448 1212 2479 sno
1234 2438 1321 2478 est.

132 2497 278 2552 Quid,
300 2497 387 2544 nisi
410 2498 466 2544 de
488 2498 596 2544 vitio
620 2499 807 2544 scribam
914 2500 1030 2546 ionis
1052 2495 1251 2545 amarae?

201 2561 363 2623 thue
385 2562 482 2608 solo
504 2563 670 2609 moriar
691 2515 1008 2616 commrgffiom
1031 2562 1224 2626 precer?

131 2624 259 2678 cum
282 2628 418 2674 toties
440 2629 594 2675 eadem
618 2628 775 2684 dicam,
799 2629 878 2675 vix
897 2629 1053 2676 audior
1074 2628 1181 2675 ulli:

198 2691 444 2755 Verbaque
465 2692 669 2757 profectu
693 2693 973 2741 dissimulata
994 2700 1166 2742 carent.
1411 2693 1476 2737 40
