1842 2966
334 130 434 179 170
456 137 462 143 ‘
693 121 755 173 P.
785 119 1025 169 OVIDII
1055 118 1362 170 NASONIS

329 256 438 306 'Nec
460 256 554 312 tibi,
577 253 807 308 Battiade,
830 253 1001 308 nocuit,
1024 248 1149 314 quod
1171 267 1295 314 saepe
1316 252 1501 315 legenti

394 322 600 384 Delicias
619 336 758 369 versu
777 319 929 366 fassus
944 334 995 365 es
1018 319 1117 379 ipse
1139 325 1259 365 tuas.

331 387 508 437 Fabula
517 380 711 452 jucundi
732 385 857 433 nulla
871 392 943 432 est
965 385 1065 430 sine
1086 397 1243 430 amore
1265 381 1556 430 Menandri.

397 452 466 501 Et
487 454 605 500 solet
625 453 699 500 hic
720 451 875 526 pueris
896 449 1237 512 virginibusque
1255 448 1367 510 legi.
1614 450 1720 495 370

330 517 477 566 Ilias
466 534 564 581 ipsa
585 519 694 580 quid
713 524 798 572 est,
821 517 908 562 nisi
931 515 1078 576 turpis
1098 514 1314 568 adultera,
1340 513 1396 560 de
1419 529 1517 575 qua

394 583 527 632 Inter
548 590 797 632 amatorem
818 595 985 659 pugna
997 581 1241 640 virumque
1258 577 1379 624 fuit.
1364 578 1387 610 ⁹

328 650 458 706 Quid
478 651 604 713 prius
626 657 697 697 est
716 649 784 694 illi
806 643 993 693 flamma
1015 643 1299 706 Chryseidos
1313 643 1337 689 ἲ
1359 650 1508 706 utque

392 715 578 763 Fecerit
598 717 737 762 iratos
759 723 887 774 rapta
906 711 1061 773 puella
1082 710 1257 757 duces?

335 781 436 833 Aut
458 782 565 843 quid
587 780 798 840 Odyssea
819 784 902 831 est,
927 777 1015 823 nisi
1033 775 1216 832 femina,
1237 782 1426 838 propter
1441 790 1677 830 amorem,

397 847 528 894 Dum
552 848 623 891 vir
638 846 776 897 abest,
800 843 957 889 multis
979 857 1072 889 una
1090 842 1233 903 petita
1252 840 1439 904 procis?

335 911 468 968 Quis,
491 911 578 958 nisi
602 909 875 962 Maeonides,
898 907 1130 954 Venerem
1154 906 1454 967 Martemque
1473 906 1658 970 lig-atos

399 976 618 1030 Narrat,
605 990 654 1020 ιιι
677 975 888 1021 obscaeno
909 989 1100 1051 corpqra
1118 987 1284 1035 prensa
1298 970 1438 1018 toro?

332 1041 485 1096 Unde,
510 1041 597 1087 nisi
618 1039 784 1086 indicio
801 1040 961 1102 magni
984 1039 1205 1086 sciremus
1228 1036 1445 1093 Homeri,

396 1105 641 1168 Hospitis
629 1120 740 1167 igne
761 1105 872 1152 duas
892 1105 1134 1151 incaluisse
1156 1102 1319 1151 Deas?
1594 1106 1697 1151 380

333 1170 487 1220 Omne
506 1186 656 1234 genus
673 1171 827 1233 scripti
848 1171 1074 1233 gravitate
1095 1167 1347 1231 Tragoedia
1360 1167 1531 1215 vineit.

396 1236 519 1285 Haec
541 1251 722 1313 quoque
744 1237 981 1284 materiam
1003 1250 1183 1312 semper
1204 1234 1372 1281 amoris
1395 1235 1549 1281 habet.

333 1301 460 1349 Nam
483 1303 624 1364 quid
613 1318 661 1349 ιιι
685 1301 960 1364 Hippolyto,
982 1302 1070 1348 nisi
1091 1315 1231 1347 caecae
1242 1298 1430 1346 flamma
1445 1298 1694 1349 noverca?

323 1389 329 1394 ·
398 1368 578 1416 Nobilis
600 1375 672 1415 est
695 1365 879 1417 Canace
898 1367 1051 1413 fratris
1073 1381 1228 1412 amore
1251 1365 1335 1412 sui.

330 1433 491 1492 Quid?
514 1450 608 1482 non
630 1431 908 1491 TantalideS,
933 1432 1135 1509 agitante
1158 1429 1389 1494 Cupidine
1409 1446 1588 1489 currus,

391 1499 589 1552 Pisaeam
613 1499 830 1562 Phrygiis
850 1500 979 1547 vexit
999 1499 1195 1545 eburnus
1217 1498 1378 1575 equis.
1362 1496 1387 1526 ‘³

330 1564 458 1630 Ting
460 1574 588 1614 ueret
610 1573 661 1613 ut
683 1563 852 1613 ferrum
875 1571 1088 1611 natorum
1112 1563 1338 1626 sanguine
1359 1569 1521 1620 mater,

400 1583 622 1681 Cgoncitus
644 1629 673 1677 ὲ
693 1631 806 1677 laeso
826 1629 938 1676 fecit
958 1644 1112 1677 amore
1132 1629 1276 1675 dolor.

330 1695 464 1744 Fecit
485 1713 612 1744 amor
634 1696 803 1743 subitas
823 1695 1049 1751 volucres,
1071 1709 1177 1741 cum
1198 1694 1359 1757 pellice
1381 1709 1554 1806 reffem,

398 1762 611 1823 Quaeque
631 1776 764 1808 suurn
785 1760 917 1822 luget
930 1776 1053 1807 nuno
1074 1775 1258 1821 quoque
1269 1767 1418 1807 mater
1461 1768 1561 1822 tyn.
1584 1761 1688 1810 390

182 1815 219 1892 β’
262 1887 267 1892 ι
334 1826 385 1875 Si
408 1843 502 1874 non
525 1827 743 1903 Aeropen
764 1825 903 1873 frater
925 1827 1172 1873 sceleratus
1194 1822 1424 1883 amasset3

398 1892 605 1941 Aversos
629 1892 750 1941 Solis
772 1907 865 1938 non
886 1892 1144 1954 legeremus
1166 1906 1355 1953 equos.

331 1955 482 2021 Impia
503 1975 589 2007 nec
609 1958 808 2021 tragicos
829 1958 1057 2019 tetigisset
1080 1956 1234 2017 Scylla
1255 1957 1515 2011 cothurnos,

394 2023 462 2071 Ni
483 2025 678 2087 patrium
699 2025 871 2069 crinem
892 2023 1170 2070 desecuisset
1190 2038 1333 2069 amor.

331 2088 427 2145 Qui
448 2089 566 2152 legis
588 2089 821 2143 Electran,
843 2095 891 2134 et
912 2095 1125 2150 egentem
1146 2089 1313 2135 mentis
1336 2086 1542 2140 Oresten,

395 2154 602 2218 AEgisthi
624 2154 796 2201 crimen
820 2152 1199 2214 Tyndaridosque
1222 2153 1357 2216 legis.

332 2219 459 2268 Nam
481 2219 591 2282 quid
610 2220 669 2267 de
688 2220 851 2266 tetrico
873 2219 1065 2267 referam
1089 2219 1314 2266 domitore
1336 2216 1594 2274 chimaerae,

384 2285 552 2342 Quem
573 2285 669 2332 leto
689 2284 829 2331 fallax
850 2285 1029 2348 hospita
1048 2281 1168 2361 pene
1191 2284 1351 2332 dedit?

330 2351 461 2407 Quid
479 2351 640 2411 loquar
663 2349 952 2397 Hermionen
968 2349 991 2395 Ρ
1030 2345 1140 2411 quid
1160 2358 1222 2408 te,
1247 2346 1486 2398 Schoen‘e'ia
1502 2346 1678 2412 virgo?

394 2414 568 2475 Teque,
591 2414 841 2478 Mycenaeo
864 2414 1064 2466 Phoebas
1084 2424 1236 2463 amata
1256 2414 1395 2464 duci?
1571 2419 1679 2463 400

330 2480 457 2537 Quid
478 2479 691 2539 Danaen,
714 2479 995 2543 Danaesque
1014 2498 1195 2538 nurum,
1217 2488 1494 2543 matremque
1503 2476 1676 2541 Lyaei?

395 2544 730 2609 Haemonaque,
754 2555 800 2595 et
820 2555 980 2595 noctes
1001 2549 1077 2595 cui
1095 2548 1249 2595 coiere
1270 2548 1375 2595 duae
1387 2546 1412 2593 ἲ

329 2610 459 2667 Quid
468 2626 689 2673 generum
700 2613 875 2662 Peiiae?
891 2614 1000 2675 quid
1012 2612 1224 2661 mm?
1238 2605 1669 2675 quidvePelugum,

391 2675 578 2727 Iliacam
600 2680 754 2745 tetigit
773 2679 854 2744 qui
874 2685 974 2730 rate
993 2676 1166 2744 primm
1186 2679 1378 2728 hunum
1392 2676 1417 2725 2
