1842 2966
337 153 434 200 162
684 141 740 194 P.
775 140 1012 193 0V1D11
1045 139 1352 191 NASONIS

340 279 522 342 Inspice
543 278 690 340 majus
711 292 839 339 opus,
856 276 982 336 quod
1002 274 1147 322 adhuc
1170 274 1269 322 sine
1287 273 1383 322 fine
1409 275 1622 340 reliquii,

410 343 469 392 In
492 359 586 391 non
608 343 854 390 credendos
875 356 1067 402 corpora
1086 355 1221 387 versa
1240 340 1440 400 modos3

338 409 561 465 'Invenies
582 410 723 460 vestri
743 407 975 471 praeconia
995 407 1194 453 nominis
1214 406 1336 453 illic:

408 475 624 523 Invenies
645 475 782 522 animi
804 473 998 535 pignora
1017 471 1162 518 multa
1181 471 1288 522 mei.

344 541 459 589 Non
481 549 562 588 tua
581 539 852 588 carminibus
872 540 1017 599 maJor
1037 535 1091 582 fit
1110 536 1273 597 gloria,
1294 551 1383 583 nec
1404 552 1535 599 quo,

409 607 480 655 Ut
500 607 645 668 major
665 605 756 660 fiat,
785 617 989 651 crescere
1010 603 1167 664 possit,
1192 603 1340 648 habet.

347 672 492 721 Fama
503 672 545 725 „J
546 673 623 718 ovi
645 677 874 733 superest:
903 673 1056 714 tamen
1079 669 1201 713 hunc
1223 682 1307 713 sua
1324 666 1461 715 facta
1485 668 1667 725 referri,

410 738 479 785 Et
502 754 550 784 se
572 736 803 784 materiam
818 733 1031 781 carminis
1053 747 1167 787 esse,
1182 734 1341 794 Juvat:
1659 740 1715 783 ’10

352 802 564 864 Cquue
589 800 811 862 Gigantei
832 805 1143 865 memorantur
1162 798 1324 860 proelia
1343 799 1457 845 belli
1474 817 1494 857 ;

417 865 644 916 Credibile
666 873 738 912 est
757 865 916 911 laeturn
939 863 1143 911 laudibus
1160 878 1262 910 esse
1284 864 1396 910 suis.

346 932 422 981 Te
443 932 670 979 celebrant
691 931 767 976 alii
787 936 959 990 quanto
982 930 1112 976 decet
1133 944 1225 984 ore,
1248 936 1446 990 tuasque

416 996 612 1059 Ingenio
633 995 790 1042 laudes
810 995 1017 1043 uberiore
1036 1000 1221 1041 canunt.

353 1063 447 1111 Sed
467 1069 634 1114 tamen,
658 1068 711 1107 ut
729 1060 833 1108 fuso
853 1066 1087 1107 taurorum
1110 1060 1333 1121 sanguine
1353 1067 1564 1120 centum,

418 1127 497 1174 Sic
519 1127 693 1189 capitur
712 1126 901 1173 minimo
925 1127 1039 1172 turis
1060 1126 1235 1175 honore
1256 1124 1409 1172 Deus.

351 1194 430 1242 Ah
451 1192 588 1247 ferus,
612 1199 660 1239 et
675 1193 804 1239 nobis
826 1189 1017 1238 uimidm
1040 1191 1282 1238 crudeliter
1300 1191 1461 1247 hostis,

421 1257 627 1305 Delicias
644 1257 762 1319 legit
783 1258 860 1317 qui
883 1257 964 1303 tibi
985 1271 1180 1317 cumque
1201 1259 1351 1304 meas!

356 1322 602 1388 [Carmina
622 1338 681 1370 ne
703 1322 870 1369 nostris
892 1323 958 1368 sic
979 1329 1027 1369 te
1041 1322 1307 1369 venerantia
1323 1322 1450 1369 libris
1534 1350 1540 1359 ·

418 1388 601 1439 Judicio
621 1388 798 1452 possint
818 1387 1075 1434 candidiore
1094 1385 1227 1452 legi.]
1637 1394 1694 1438 80

357 1454 480 1505 Esse
497 1454 577 1503 sed
598 1455 713 1503 irato‘
734 1453 834 1515 quis
856 1461 903 1500 te
925 1452 1035 1499 inihi
1055 1459 1212 1514 posset
1231 1453 1403 1502 amicus
1417 1454 1441 1500 ἰ’

424 1520 522 1569 Vix
544 1526 653 1570 tunc
674 1521 770 1582 ips‘e
790 1519 902 1568 mihi
924 1534 1018 1566 non
1039 1519 1250 1565 inimicus
1271 1534 1409 1567 eram.

359 1584 482 1637 cnm
500 1587 868 1648 coepitrquassata
888 1583 1051 1630 domus
1072 1585 1299 1631 subsidere
1316 1602 1332 1642 ;
1357 1593 1507 1648 partes

423 1650 482 1698 In
504 1651 775 1713 proclinatas
797 1664 934 1701 omne
954 1649 1176 1707 recumbit
1196 1665 1339 1697 onus:

361 1715 629 1777 Cunctaque
652 1712 857 1762 Fortuna
878 1715 1038 1761 rimam
1057 1714 1253 1763 faciente
1274 1717 1521 1767 dehiscunt.

432 1780 542 1844 Ipsa
561 1796 647 1840 suo
667 1780 894 1842 quondam
915 1781 1116 1842 pondere
1136 1787 1260 1827 tecta
1279 1788 1431 1829 ruunt.

361 1846 496 1911 Ergo
509 1848 752 1895 «hominum
773 1845 1015 1907 quaesitum
1037 1846 1190 1893 odium
1211 1846 1324 1893 mihi
1344 1848 1557 1896 carmine:
1607 1849 1678 1899 uin-

426 1913 616 1969 Debuit‚
639 1920 711 1959 est
730 1911 884 1960 vultus
906 1913 1038 1960 turba
1058 1918 1214 1960 secuta
1233 1918 1353 1960 tuos.
1575 1865 1678 1980 Fque

364 1977 434 2027 At
458 1976 688 2042 (memini)
713 1978 943 2038 vitamque
963 1993 1111 2025 meam
1133 1977 1373 2039 moresque
1391 1980 1590 2042 probabas
1640 1991 1646 1998 '

430 2042 534 2098 1110,
559 2057 693 2104 quem
716 2042 914 2096 dederas,
930 2043 1247 2104 praetereuntis
1266 2058 1398 2105 equo.
1618 2051 1673 2096 90

368 2107 537 2173 [Quod
557 2109 597 2155 si
619 2122 712 2154 non
731 2109 928 2169 prodest,
953 2115 1000 2155 et
1019 2109 1197 2156 honesti
1218 2110 1367 2171 gratia
1387 2111 1500 2158 nulla

432 2173 671 2228 Redditur,
693 2179 742 2220 at
763 2172 936 2220 nullum
958 2174 1132 2221 crimen
1152 2174 1340 2237 adeptus
1360 2175 1507 2241 eram]

368 2238 475 2286 Nec
497 2234 618 2284 male
639 2238 880 2286 commissa
900 2245 972 2286 est
992 2240 1120 2287 nobis
1140 2237 1325 2288 fortuna
1339 2256 1521 2298 reorum,

436 2301 609 2364 Lisque
630 2303 785 2350 decem
808 2303 956 2350 decies
977 2305 1253 2367 inspicienda
1271 2306 1395 2354 viris.

369 2367 470 2415 Res
491 2382 672 2429 quoque
693 2369 891 2430 privatas
911 2371 1049 2417 statui
1071 2370 1169 2418 sine
1190 2371 1378 2418 crimine
1387 2373 1538 2435 judex:

440 2430 607 2493 Deque
628 2432 730 2481 med
749 2433 869 2483 fassa
889 2440 961 2480 est
979 2450 1084 2497 pars
1104 2450 1283 2498 quoque
1302 2438 1421 2484 victa
1434 2436 1523 2485 fide.

375 2497 463 2545 Me
484 2499 697 2545 miserum
718 2498 728 2547 1
753 2500 892 2561 potui,
916 2499 956 2546 si
979 2515 1072 2547 non
1093 2508 1297 2549 extrema
1317 2511 1522 2560 nocerent,

438 2562 621 2611 ,Iudicio
642 2570 766 2612 tutus
788 2579 882 2611 non
898 2565 1041 2611 semel
1062 2581 1162 2612 esse
1183 2573 1279 2614 tuo.

382 2626 562 2676 Ultima
582 2644 657 2675 me
676 2630 896 2691 perdunt:
924 2630 1108 2691 imoque
1130 2633 1212 2679 sub
1234 2647 1415 2693 aequore
1429 2635 1571 2700 mergit

435 2692 722 2744 Incolumem
744 2695 877 2745 toties
899 2710 992 2744 una
1010 2695 1210 2759 procella
1230 2705 1384 2746 ratem.
1577 2704 1659 2750 100
