1842 2966
210 196 211 199 ,
293 152 387 199 102
617 143 691 194 P:
707 142 831 195 QVI
834 141 943 192 DII
955 154 966 159 ·
976 142 1275 195 NASONrs

288 277 428 325 Parte
447 277 600 331 locant
622 274 802 332 clivum,
827 276 902 339 qui
925 281 1034 324 tunc
1055 285 1158 324 erat
1165 277 1310 324 ardua
1323 288 1476 339 rupes
1488 293 1507 327 ε

353 343 481 390 Utile
504 358 624 390 nunc
645 343 731 397 iter
751 350 850 401 θεῖς
874 341 1219 404 Publiciumque
1238 350 1423 390 vocant·

284 409 456 465 Annua
477 408 749 459 credideram
766 407 1023 470 spectacula
1040 407 1191 465 facta3
1215 408 1425 471 negavit:

350 473 541 529 Addidit
560 480 608 520 et
628 474 759 525 dictis
776 475 919 521 altera¹
935 473 1078 520 verba-
1095 474 1203 520 suis.

280 538 386 588 Nos
408 554 588 600 quoque
609 539 758 602 tangit
777 541 949 586 honor:
978 536 1106 585 festis
1118 538 1370 600 gaudemus
1385 545 1436 586 et
1461 537 1568 585 aris
1584 556 1600 584 ε

347 602 591 665 Turbaque
612 606 822 652 coelestes
841 604 1078 655 ambitiosa
1096 619 1268 650 sumus.

283 670 418 732 Saepe
440 671 550 718 deos
570 670 729 732 aliquis
748 670 979 730 peccando
999 667 1328 730 fecit'iniquosz

351 734 417 782 Et
438 752 521 797 pro
544 735 718 782 delictis
730 735 878 780 hostia
887 734 1050 781 blanda
1068 734 1169 781 fuit.
1419 772 1428 777 -
1538 736 1655 782 300

286 801 420 864 Saepe
440 801 605 855 Jovem
623 800 731 853 vidi,
753 796 857 845 cum
870 800 969 861 Jam
993 815 1075 846 sua
1094 800 1274 846 mittere
1294 798 1432 847 vellet

350 867 576 919 Fulmina,
599 871 701 915 ture
722 864 826 910 dato
849 862 1114 911 sustinuisse
1135 878 1336 911 manum.

283 932 353 979 At
374 932 412 978 si
435 930 723 992 negligimur,
746 930 925 991 magnis
945 930 1107 992 injuria
1124 931 1276 993 poenis

351 996 583 1051 Solvitur:
612 1001 660 1040 et
671 995 847 1055 justum
868 996 1070 1056 praeterit
1089 995 1157 1042 ira
1176 995 1378 1041 modum.

283 1061 481 1122 Respice
501 1059 805 1107 Thestiaden:
831 1059 1028 1107 flammis
1045 1061 1304 1107 absentibus
1324 1061 1452 1109 arsit·

351 1124 527 1174 Caussa
547 1132 630 1180 est,
648 1121 774 1186 ‘qudd
792 1124 989 1172 Phoebes
1011 1141 1089 1172 ara
1109 1126 1207 1173 sine
1228 1126 1338 1187 igne
1347 1124 1452 1173 fuit.

282 1190 481 1252 Respice
495 1190 790 1238 Tantalidenz
816 1190 974 1238 eadem
998 1189 1105 1237 Dea
1123 1190 1227 1238 vela
1247 1191 1443 1238 tenebat.

351 1255 500 1319 Virgo
523 1263 624 1314 est3
648 1263 696 1302 et
718 1263 890 1319 spretos
909 1257 980 1304 bis
1000 1263 1153 1302 tamen
1175 1256 1271 1302 ulta
1287 1255 1434 1322 focos.

286 1321 544 1387 Hippolyte
563 1321 733 1378 infelix,
756 1322 896 1369 velles
917 1321 1110 1370 coluisse
1132 1319 1335 1378 Dionen,

353 1385 474 1437 cum
499 1389 798 1436 consternatis
820 1388 1071 1450 diripereris
1092 1387 1235 1447 equis.
1528 1390 1632 1437 310

285 1452 454 1517 Longa
470 1453 637 1501 referre
651 1469 780 1502 mora
800 1460 871 1501 est
891 1460 1093 1502 correcta
1114 1452 1279 1501 oblivia
1300 1451 1490 1500 damnis·

350 1519 438 1568 Me
460 1535 639 1582 quoque
661 1519 862 1567 Romani
882 1520 1141 1583 praeteriere
1164 1516 1341 1566 Patres-

287 1585 410 1641 Quid
433 1584 626 1633 facerem
642 1584 665 1629 ’ἒ
685 1601 766 1647 per
786 1569 907 1645 qiiod
927 1584 1081 1631 fierem
1104 1582 1345 1631 manifesta
1365 1581 1558 1634 doloris?

351 1650 602 1711 Exigerem
623 1657 793 1696 nostrae
814 1649 963 1709 qualia
975 1650 1138 1696 damna
1157 1647 1315 1696 notae?

285 1714 476 1763 Excidit
496 1714 693 1768 officium
716 1714 833 1760 tristi
853 1714 990 1760 mihi:
1021 1714 1145 1761 nulla
1164 1714 1321 1761 tuebar
1385 1749 1390 1754 r

350 1780 500 1827 Rura:
529 1794 613 1826 nec
634 1780 682 1825 in
697 1779 843 1842 pretio
863 1778 1023 1827 fertilis
1043 1781 1201 1829 hortus
1222 1787 1333 1827 erat.

286 1844 408 1893 Lilia
427 1844 713 1892 deciderant:
740 1845 885 1892 violas
908 1860 1033 1892 arere
1053 1845 1243 1898 videres,

332 1909 541 1972 .Filaque
562 1911 740 1972 punicei
760 1910 974 1973 languida
992 1909 1115 1957 facta
1134 1910 1270 1957 croci.

286 1976 421 2039 Saepe
441 1977 552 2023 mihi
573 1975 822 2037 Zephyrus,
845 1974 998 2023 Dotes
1018 1990 1305 2037 corrumpere
1326 1975 1419 2022 noli

352 2040 460 2103 Ipsa
481 2047 594 2094 tuas,
618 2041 744 2088 dixit.
790 2039 895 2087 Dos
911 2041 1021 2087 mihi
1043 2041 1145 2088 vilis
1166 2048 1278 2088 erat.
1516 2043 1608 2088 320

286 2105 534 2154 Florebant
556 2106 702 2164 oleae3
725 2105 851 2152 venti
875 2120 1071 2152 nocuere
1090 2106 1302 2167 protervi.

354 2171 599 2218 Florebant
619 2178 830 2233 segetes3
853 2172 1075 2232 grandine
1094 2171 1205 2217 laesa
1229 2168 1387 2218 Ceres.

286 2235 346 2283 In
363 2252 443 2297 spe
464 2237 573 2284 vitis
593 2243 715 2282 erat:
744 2235 909 2282 coelum
932 2237 1148 2299 nigrescit
1169 2238 1225 2283 ab
1246 2234 1442 2291 Austris,

351 2301 419 2348 Et
441 2298 587 2347 subita
607 2300 789 2349 frondes
811 2302 1098 2348 decutiuntur
1120 2300 1251 2362 aqud.

286 2366 392 2414 Nec
415 2366 537 2413 volui
560 2364 667 2422 fieri,
685 2383 769 2414 nec
793 2382 892 2414 sum
914 2366 1109 2413 crudelis
1127 2367 1177 2413 in
1199 2364 1294 2414 ira:

354 2429 478 2479 Cura
500 2431 737 2494 repellendi
762 2433 840 2480 sed
862 2432 973 2478 mihi
994 2432 1120 2480 nulla
1138 2431 1237 2477 fuit.

288 2494 561 2547 Convenere
584 2496 772 2546 Patres:
802 2505 861 2553 et,
887 2498 925 2545 si
946 2499 1063 2544 bene
1078 2496 1244 2544 floreat
1265 2511 1429 2553 annus,

350 2561 626 2610 Numinibus
641 2563 806 2610 nostris
829 2578 979 2610 annua
996 2562 1114 2609 festa
1133 2569 1318 2610 vovent.

285 2626 542 2678 Adnuimus
562 2636 686 2676 voto.
729 2626 906 2677 Consul
927 2643 1030 2674 cum
1054 2625 1256 2676 Consule
1275 2627 1407 2677 ludos

353 2692 588 2748 Postumio
610 2692 779 2743 Laenas
799 2692 1058 2755 persoluere
1078 2692 1204 2740 mihi.
1485 2695 1589 2748 ,350
1638 2739 1646 2742 .
