1842 2966
768 92 925 148 IBIS.
1419 93 1518 139 345

158 216 304 266 Haec
325 228 409 279 est,
433 224 480 271 in
497 222 649 273 Fastis
671 225 746 273 cui
766 225 846 274 dat
859 226 1017 290 gravis
1034 223 1157 276 Allia
1176 239 1372 281 nomem

239 284 460 349 Quaeque
481 289 578 342 dies
600 289 717 347 Ibin,
739 289 918 355 publica
940 291 1116 347 damna,
1140 290 1260 337 tulit.
1422 290 1523 334 220
1572 317 1579 321 ·

159 347 278 404 Qui
297 352 446 409 simul,
468 355 659 418 impurae
679 358 837 404 matris
856 357 1094 420 prolapsus
1115 357 1172 403 ab
1190 356 1312 411 alvo,
1532 361 1539 366 ’

247 412 528 480 Cinyphiam
549 420 675 470 foedo
697 423 887 485 corpore
905 421 1072 485 pressit
1090 422 1311 479 humum3

169 478 316 527 Sedit
336 484 385 552 in
402 486 593 533 adverso
613 494 876 535 nocturnus
884 487 1084 545 culmine
1101 485 1236 542 bubo,

255 544 558 612 Funereoque
577 568 743 614 graves
765 553 904 600 edidit
926 568 1005 600 ore
1028 566 1180 600 sonos.

163 610 409 663 VProtinus
432 615 712 665 Eumenides
732 618 884 666 lavere
904 617 1178 681 palustribus
1199 614 1333 670 ulvis,

257 676 366 732 Qua
382 695 493 728 cava
508 682 565 729 de
588 681 979 747 Stygiisfluxerat
1000 683 1121 731 unda
1139 681 1302 738 vadi83

178 740 481 808 Pectoraque
496 757 726 796 unxerunt
748 748 943 796 Erebeae
957 748 1064 795 selle
1086 747 1284 794 colubrae
1297 762 1312 791 z
1332 746 1336 754 '

255 807 441 872 Terque
463 820 720 861 cruentatas
737 815 1003 877 increpuere
1022 828 1186 860 manus
1201 830 1216 860 ε

186 871 490 937 Gutturaque
510 878 768 927 imbuerunt
786 878 980 927 infantia
992 880 1110 927 lacte
1125 878 1304 926 canino.
1463 932 1466 935 ⁴

261 938 361 987 Hic
375 944 548 1003 primus
563 945 691 1006 pueri
710 946 837 993 venit
859 946 906 992 in
930 961 1010 992 ora
1024 945 1166 992 cibus.
1436 942 1538 987 250

185 1003 401 1053 Perbibit
421 1008 525 1055 inde
547 1025 643 1057 suae
666 1012 834 1058 rabiem
857 1012 1045 1058 nutricis
1066 1012 1276 1058 alumnus
1288 1021 1306 1066 ς

262 1068 427 1119 Latrat
448 1081 496 1120 et
515 1075 564 1120 in
585 1081 685 1123 toto
706 1077 844 1123 verba
864 1076 1029 1125 canina
1046 1075 1163 1124 foro.

190 1135 503 1199 Membraque
522 1140 769 1188 vinxerunt
790 1141 944 1188 tinctis
964 1140 1198 1203 ferrugine
1217 1138 1396 1203 pannis,

266 1202 324 1249 A*
345 1201 466 1251 male
488 1204 668 1252 deserto
690 1221 804 1267 quos
827 1219 1015 1267 rapuere
1037 1221 1166 1268 rogo.

191 1264 280 1321 Et,
304 1282 365 1315 ne
385 1284 477 1323 non
498 1270 666 1319 fultum
688 1268 811 1317 nuda
830 1270 994 1317 tellure
1002 1270 1193 1331 jaceret,

264 1331 416 1382 Molle
439 1351 573 1398 super
593 1337 742 1383 silices
755 1336 1011 1398 imposuere
1025 1341 1176 1397 caput.

193 1396 397 1460 Jamque
418 1414 665 1449 recessurae
686 1401 817 1448 viridi
840 1401 898 1448 de
918 1400 1071 1462 stipite
1088 1399 1236 1447 factas

267 1462 531 1514 Admorunt
553 1466 697 1514 oeulis
717 1481 860 1530 usque
876 1466 959 1513 sub
982 1479 1062 1513 ora
1080 1464 1220 1514 faces.
1281 1479 1295 1495 ·

198 1528 382 1585 Flebat,
404 1540 456 1578 ut
476 1541 547 1581 est
566 1532 717 1579 infans
736 1531 874 1580 fumis
891 1537 1130 1578 contaetus
1151 1527 1350 1589 amaris;
1469 1578 1481 1594 x

267 1593 352 1645 De
372 1598 515 1645 tribus
536 1604 608 1644 est
624 1594 730 1645 cum
753 1598 819 1645 sic
839 1611 930 1644 una
945 1596 1099 1644 locuta
1123 1596 1289 1643 Soror:
1449 1596 1550 1642 540

123 1670 128 1675 “
199 1658 410 1724 Tempus
432 1663 479 1711 in
499 1663 773 1710 immensum
793 1662 1003 1710 lacrimas
1025 1662 1105 1709 tibi
1126 1662 1338 1710 vovimus
1358 1659 1485 1716 istan.

271 1725 398 1786 Quae
417 1743 595 1792 semper
615 1726 777 1776 caussa
795 1727 1046 1776 sufficiente
1067 1728 1244 1775 cadant.
1370 1722 1375 1729 ⁸

200 1790 422 1841 Dixerat.
457 1795 526 1841 At
548 1792 719 1843 Clotho
729 1794 870 1857 jussit
888 1794 1112 1856 promissa
1125 1793 1291 1849 valere,

276 1856 425 1905 Nevit
439 1867 487 1906 et
506 1857 674 1906 infecta
688 1860 883 1907 stamina
901 1859 1026 1921 pulla
1045 1873 1199 1907 manu.

210 1921 280 1970 Et
303 1938 362 1969 ne
383 1923 524 1988 longa
545 1940 642 1972 suae
662 1925 887 1987 praesagia
906 1924 1077 1971 diceret
1098 1924 1260 1980 horae;

277 1986 396 2036 Fata
417 1998 550 2037 canet
572 2001 702 2037 vates
723 1991 800 2052 qui
817 1998 907 2045 tua,
932 1989 1059 2044 dixit,
1082 1989 1182 2036 erit.

212 2051 303 2100 Ille
325 2070 414 2118 ego
437 2071 537 2103 sum
561 2062 715 2103 vatesz
752 2070 811 2102 ex
826 2070 902 2103 me
923 2062 1003 2103 tua
1023 2054 1212 2101 vulnera
1235 2052 1408 2111 disoe83

282 2118 350 2166 Di
372 2118 508 2168 modo
531 2121 640 2168 dent
654 2121 776 2168 vires
796 2122 844 2168 in
860 2135 964 2168 mea
977 2120 1116 2168 verba
1137 2134 1257 2166 suas.

214 2182 597 2248 Carminibusque
615 2186 731 2234 meis
750 2186 970 2234 accedant
981 2186 1183 2248 pondera
1195 2198 1363 2240 rerum,

284 2249 407 2304 Quae
429 2258 527 2298 rata
546 2267 628 2313 per
648 2252 798 2299 luctus
818 2253 1051 2314 experiare
1073 2257 1191 2298 tuos.
1371 2271 1373 2275 ¹
1459 2249 1559 2297 '250

211 2313 354 2363 Neve
369 2316 467 2363 sine
488 2317 712 2379 exemplis
734 2318 822 2364 aevi
843 2317 1042 2364 cruciere
1061 2316 1237 2377 prioris,

286 2379 390 2428 Sint
410 2388 490 2428 tua
509 2379 722 2445 Trojanis
744 2385 837 2429 no‘n
858 2382 1030 2431 leviora
1051 2381 1197 2428 malis.

220 2444 496 2507 Quantaque
516 2447 731 2509 clavigeri
757 2446 991 2493 Paeantius
1014 2446 1230 2493 Herculis
1250 2446 1397 2499 heren,

285 2508 438 2557 Tanta
457 2520 685 2559 venenato
707 2512 896 2561 vulnera
917 2526 1048 2558 crure
1067 2526 1216 2573 geras.

224 2574 329 2627 Nec
349 2573 496 2623 levius
518 2576 687 2632 doleas,
710 2573 845 2639 quam
868 2577 946 2637 qui
961 2576 1072 2623 bibit
1093 2577 1231 2623 ubera
1251 2587 1423 2629 cerm,

289 2639 598 2708 Armatusque
617 2642 724 2694 tulit
743 2641 927 2699 vulnus,
948 2640 1135 2691 inermis
1155 2646 1305 2704 opem·
