1842 2966
349 172 444 216 132
692 163 749 215 Ρ.
772 161 1017 213 ὈἮΒΙΙ
1050 152 1349 214 NASONIS

351 296 467 346 Nox
486 303 613 355 erat3
637 302 685 343 et
703 296 823 344 vinis
845 294 1055 357 oculique
1075 297 1298 359 animique
1318 299 1572 349 natabant:

420 360 538 413 Cum
560 362 906 425 praecomposito
929 362 1114 408 nuntius
1136 377 1214 408 ore
1235 364 1375 409 venit.

352 427 509 489 Atque
529 427 605 482 ita,
641 427 767 482 Quid
788 441 939 473 cessas
961 427 1170 473 convivia
1183 427 1395 474 solvere?
1417 429 1568 479 dixit:

423 493 599 540 Auctor
619 493 833 539 vindictae
845 493 944 554 Jam
967 492 1107 546 venit,
1131 506 1251 546 ecce,
1275 498 1382 538 tuae.

354 555 461 605 Nec
482 573 639 616 mora;
658 558 863 605 convivae
884 555 1034 602 valido
1053 556 1290 604 titubantia
1310 558 1419 603 vino
1781 596 1782 601 ,

422 622 635 670 Membra
654 629 866 669 movent:
894 622 1016 667 dubii
1038 627 1247 681 stantque
1261 622 1508 683 labantque
1532 628 1696 688 pedes.

355 687 426 736 At
441 689 662 744 dominus,
685 687 936 743 Discedite,
960 686 1036 732 ait.
1078 685 1376 747 Plaustroque
1399 691 1648 741 morantes

425 753 632 801 Sustulit.
677 750 734 798 In
755 751 956 813 plaustro
977 752 1125 813 sirpea
1144 751 1236 798 lata
1255 751 1355 799 fuit.
1614 763 1709 808 680

357 818 597 867 Adliciunt
619 831 803 864 somnos
824 822 1016 877 tempus,
1038 823 1290 877 motusque,
1313 832 1594 882 merumque
1601 841 1623 883 ὅ

425 883 631 944 Potaque
654 897 703 928 se
724 879 868 928 Tibur
883 882 1014 927 turba
1033 882 1179 928 redire
1199 889 1342 943 putat.

274 992 279 999 .
357 946 557 1009 Jamque
575 961 656 1009 per
678 945 905 1007 Esquilias
927 945 1186 993 Romanam
1206 946 1453 995 intraverat
1471 952 1681 1012 urbem3

426 1012 494 1065 Et
514 1008 648 1058 mane
664 1011 711 1057 in
728 1011 877 1058 medio
898 1011 1098 1073 plaustra
1116 1011 1244 1058 fuere
1267 1010 1405 1060 Foro.

361 1076 582 1131 Plautius,
605 1082 657 1122 ut
676 1083 863 1138 possent
882 1078 1031 1139 specie
1053 1091 1329 1137 numeroque
1351 1078 1584 1130 Senatum

424 1140 616 1196 Fallere,
637 1142 841 1203 personis
860 1143 1052 1204 imperat
1073 1156 1152 1188 ora
1173 1143 1283 1204 tegi.

360 1207 686 1268 Admiscetque
706 1207 844 1254 alios:
867 1214 927 1262 et,
951 1215 1002 1253 ut
1022 1208 1142 1254 hunc
1162 1208 1346 1254 tibicina
1366 1217 1546 1258 coetum

427 1272 627 1335 Augeat,
650 1273 698 1319 in
717 1273 871 1334 longis
891 1273 1089 1319 vestibus
1110 1272 1176 1318 ire
1187 1274 1332 1334 jubet.

344 1338 443 1386 *Sic
464 1338 651 1385 reduces
669 1338 784 1384 bene
804 1353 939 1399 posse
957 1338 1075 1399 tegit
1101 1351 1163 1384 ¹ne
1182 1334 1302 1384 forte
1324 1345 1547 1388 notentur

430 1401 607 1452 Contra
626 1403 817 1465 collegae
830 1403 962 1466 jussa
975 1403 1143 1449 redisse
1165 1404 1248 1449 sui.
1617 1414 1711 1460 690

365 1467 466 1517 Res
487 1468 683 1532 placuit:
712 1467 927 1530 cultuque
947 1482 1069 1516 novo
1088 1467 1196 1515 libet
1219 1466 1375 1516 Idibus
1394 1471 1461 1517 uti
1477 1489 1495 1530 ;

428 1533 497 1582 Et
518 1550 678 1582 canere
694 1535 750 1581 ad
771 1542 949 1581 veteres
970 1535 1281 1596 verbajocosa
1302 1536 1476 1583 modos.
1504 1555 1511 1566 ·

368 1598 492 1648 Haec
514 1601 590 1646 ubi
609 1600 854 1661 perdocuit,
879 1598 1094 1661 Superest
1110 1600 1220 1645 mihi
1241 1599 1424 1662 discere„
1450 1603 1563 1659 dixi,

435 1662 534 1712 Cur
555 1664 614 1710 sit
628 1664 940 1724 Quinquatrus
959 1664 1036 1710 illa
1055 1671 1218 1710 vocata
1237 1664 1347 1712 dies.

367 1727 582 1782 Martius,
599 1729 763 1789 inquit,
786 1729 882 1790 agit
902 1728 981 1774 tali
993 1731 1105 1775 ”mea
1125 1730 1311 1776 nomine
1327 1730 1471 1779 festa:

435 1792 614 1855 Estque
632 1794 716 1840 ‘sub
736 1793 934 1840 inventis
955 1794 1054 1841 baec
1067 1809 1245 1855 quoque
1264 1797 1395 1843 turba
1415 1798 1546 1847 meis.

373 1857 531 1907 Prima
552 1859 773 1905 terebrato
793 1873 874 1920 per
895 1873 996 1905 rara
1012 1858 1235 1906 foramina
1253 1861 1389 1917 buxo,

438 1923 509 1972 Ut
531 1923 657 1971 daret
678 1923 805 1970 effeci
826 1923 936 1971 tibia
953 1924 1094 1986 longa
1114 1940 1264 1972 sonos.

371 1988 484 2038 Vox
504 1989 699 2050 placuit:
727 1989 905 2050 liquidis
926 1988 1086 2035 faciem
1104 1989 1397 2039 referentibus
1412 1995 1548 2042 undis

438 2053 548 2100 Vidi
571 2055 796 2115 virgineas
816 2055 1084 2101 intumuisse
1104 2069 1273 2116 genas:
1619 2064 1711 2111 700

374 2119 470 2166 Ars
491 2119 600 2164 mihi
622 2134 714 2165 non
736 2120 851 2164 tanti
873 2125 970 2177 est3
993 2119 1158 2175 valeas,
1180 2135 1282 2167 mea
1298 2122 1417 2179 tibia,
1440 2124 1551 2172 dixi.

440 2182 628 2244 Excipit
648 2183 863 2244 abjectam
886 2185 1055 2246 cespite
1078 2186 1173 2246 ripa
1194 2200 1289 2232 suo.

358 2245 619 2295 'Inventam
644 2246 835 2307 Satyrus
853 2247 1047 2310 primum
1069 2251 1284 2297 miratur:
1316 2258 1363 2298 at
1383 2268 1518 2302 usum

443 2310 622 2364 Nescit,
644 2317 691 2357 et
710 2311 911 2358 inflatam
937 2315 1073 2359 sentit
1088 2314 1251 2361 habere
1266 2331 1442 2363 sonum.

379 2375 449 2424 Et
469 2372 606 2420 modo
626 2374 810 2421 dimittit
825 2377 993 2438 digitis,
1016 2376 1152 2424 modo
1174 2381 1369 2442 concipit
1388 2397 1544 2431 auras:

445 2436 640 2498 Jamque
660 2439 778 2485 inter
799 2439 1041 2502 Nymphas
1062 2449 1157 2488 arte
1178 2446 1392 2506 superbus
1413 2455 1525 2494 erat.

380 2502 612 2551 Provocat
631 2509 678 2548 et
695 2501 933 2550 Phoebum.
967 2503 1143 2552 Phoebo
1166 2516 1405 2570 superante
1422 2513 1660 2575 pependitz

450 2563 588 2614 Caesa
609 2577 889 2615 recesserunt
909 2566 935 2615 ὲ
959 2576 1063 2617 cute
1082 2573 1281 2618 membra
1302 2571 1394 2620 sua.
1592 2622 1607 2633 ,

387 2630 500 2678 Sum
516 2635 667 2676 tamen
687 2631 914 2679 inventrix
935 2641 1179 2696 auctorque
1199 2650 1288 2697 ego
1309 2638 1521 2686 carminis
1542 2641 1695 2704 hujus-

454 2692 566 2740 Hoc
587 2700 659 2741 est
679 2710 759 2742 cur
779 2704 960 2746 nostros
979 2713 1052 2746 ars
1074 2699 1193 2746 colat
1213 2701 1299 2749 ista
1318 2701 1427 2749 dies.
1627 2709 1672 2752 71
1694 2713 1726 2754 o
