1842 2966
530 185 914 238 rAsToRUM
947 188 1057 240 Lu.
1080 190 1171 242 IV.
1431 216 1436 223 ·
1453 197 1523 247 ’19

151 319 303 371 Pace
320 316 471 370 Ceres
482 317 593 368 laeta
612 328 696 368 est.
740 318 811 369 At
825 335 911 369 vos
933 329 1100 384 optate,
1122 323 1287 383 coloni,

233 384 527 449 Perpetuam
549 385 731 441 Pacem.
753 394 1112 449 perpetuumque
1135 388 1331 438 Ducem.

157 450 329 501 Farra
351 449 491 507 Deae,
514 452 733 513 micaeque
752 451 863 500 licet
883 453 1085 517 salientis
1104 455 1323 504 honorem

232 515 402 571 Detis,
426 523 472 563 et
494 517 541 562 in
562 523 739 567 veteres
761 524 890 565 turea
908 533 1056 581 grana
1075 519 1223 568 focos.
1397 552 1402 559 -
1429 524 1529 571 410

163 580 259 637 Et,
287 582 329 628 si
353 588 459 628 tura
480 582 680 638 aberunt,
703 590 865 630 unctas
883 584 1118 631 accendite
1138 585 1295 633 taedaa.

245 645 411 694 Parva
429 647 563 694 bonae
587 645 758 703 Cereri,
781 649 874 695 sint
893 646 1032 696 modd
1052 657 1189 706 casta,
1211 651 1407 713 placent.

170 712 240 761 A*
263 712 391 759 bove
414 712 633 760 succincti
655 712 826 760 cultros
846 721 1081 762 removete
1100 716 1313 764 ministri.

248 775 355 825 Bos
379 784 503 824 aret:
531 779 743 840 ignavam
767 778 1015 827 sacrificate
1036 795 1180 829 suem.

181 841 321 904 Apta
334 843 454 905 jugo
477 844 632 890 cervix
653 857 746 890 non
767 852 838 890 est
857 844 1058 893 ferienda
1080 847 1250 894 securi:

252 906 415 961 Vivat,
439 914 486 955 et
505 909 553 954 in
576 905 688 954 durii
708 923 830 971 saepe
847 911 1023 958 laboret
1042 912 1198 959 humo.

183 971 362 1034 Exigit
381 974 478 1034 ipse
497 972 639 1028 locus,
663 981 818 1035 raptus
839 987 891 1022 ut
910 977 1103 1038 virginis
1124 978 1272 1026 edam.

257 1035 404 1085 Plura
425 1053 756 1101 recognosces:
783 1055 927 1102 pauca
948 1042 1178 1090 docendus
1198 1044 1304 1090 eris.

187 1100 344 1151 Terra
365 1103 508 1150 tribus
529 1104 724 1166 scopulis
747 1113 925 1152 vastum
948 1109 1174 1168 procurrit
1192 1109 1242 1155 in
1255 1122 1414 1172 aequor

255 1167 306 1216 T
307 1168 526 1226 tinam-1⁸3
549 1166 576 1215 a
597 1169 748 1232 positu
770 1186 935 1218 nomen
956 1173 1117 1235 adepta
1136 1174 1242 1220 loci.
1440 1176 1543 1223 420

197 1234 352 1284 Grata
372 1234 535 1282 domus
559 1232 733 1284 Cereri.
779 1235 957 1283 Multas
978 1237 1038 1283 ibi
1057 1240 1260 1300 possidet
1279 1239 1447 1298 urben

194 1323 203 1335 ι
263 1296 325 1346 In
345 1299 506 1361 quibus
527 1306 598 1347 est
618 1299 741 1347 culto
761 1298 921 1347 fertilis
945 1300 1117 1350 Henna
1136 1304 1251 1352 solo.

196 1362 243 1413 1⁴·
266 1365 278 1376 ”
316 1365 391 1412 ’da
410 1365 648 1412 coelestum
671 1372 840 1412 matres
861 1366 1094 1414 Arethusa
1115 1366 1315 1418 vocitat.

318 1437 474 1477 encrat
493 1431 550 1477 ad
573 1445 722 1478 sacras
743 1436 791 1477 et
813 1428 921 1477 Dea
940 1429 1060 1478 flava
1079 1430 1231 1497 dapes.

201 1493 334 1550 Filia,
356 1496 586 1543 consuetis
600 1504 652 1543 ut
672 1502 769 1543 erat
788 1496 1005 1544 comitata
1023 1497 1199 1559 puellis,

271 1559 467 1609 Errabat
482 1561 610 1609 nudo
631 1576 714 1623 per
735 1575 817 1608 sua
836 1568 967 1624 prata
984 1561 1113 1623 pede.

210 1625 346 1674 Valle
367 1626 450 1673 sub
471 1624 682 1674 umbrosa
702 1627 832 1673 locus
852 1633 938 1681 est,
962 1627 1232 1693 adspergine
1252 1628 1399 1678 mult&

278 1691 461 1739 Uvidus
481 1705 542 1737 ex
563 1690 656 1738 alto
672 1691 920 1739 desilientis
941 1707 1086 1753 aquae.

207 1755 304 1805 Tot
322 1755 502 1806 fuerant
521 1756 625 1811 illic,
648 1763 760 1818 quot
779 1757 911 1804 habet
933 1763 1106 1813 natura,
1129 1758 1335 1808 colores:

275 1821 495 1881 Pictaque
515 1822 719 1869 dissimili
741 1820 855 1869 flore
873 1823 1045 1870 nitebat
1064 1824 1244 1873 humus.
1446 1830 1548 1876 430

212 1887 364 1944 Quam
387 1887 521 1934 simul
543 1888 779 1948 adspexit3
803 1885 1010 1935 Comites
1033 1889 1247 1947 accedite,
1270 1889 1386 1938 dixit
1398 1907 1416 1950 3

275 1951 342 2001 Et
361 1967 539 1999 mecum
560 1959 739 1999 vestros
759 1950 874 1999 flore
894 1953 1063 2015 replete
1084 1954 1225 2001 sinus.

220 2016 381 2065 Praeda
398 2017 619 2079 puellares
642 2019 817 2068 animos
837 2018 1060 2080 prolectat
1078 2019 1240 2075 inanis,

280 2081 347 2131 Et
358 2097 449 2129 non
473 2082 665 2130 sentitur
687 2083 924 2130 sedulitate
945 2084 1084 2131 labor.

224 2146 342 2196 Haec
360 2147 518 2209 implet
535 2147 663 2194 lento
683 2148 884 2196 calathos
904 2145 933 2195 ὲ
955 2149 1124 2197 vimine
1144 2155 1323 2198 textos:

284 2211 404 2260 Haec
422 2213 662 2275 gremium,
682 2213 814 2262 laxos
834 2214 1054 2275 degravat
1071 2215 1149 2262 illa
1166 2216 1309 2263 sinus.

216 2276 309 2326 -Illa
325 2277 440 2340 legit
459 2278 659 2326 calthas:
687 2279 792 2326 huic
815 2285 923 2326 sunt
942 2280 1129 2327 violaria
1149 2295 1299 2329 curae:

286 2341 373 2391 Illa
390 2357 662 2405 papavereas
684 2345 890 2391 subsecat
912 2360 1066 2407 ungue
1088 2360 1257 2394 comas.

224 2406 341 2462 Has,
363 2406 640 2468 Hyacinthe,
664 2415 818 2457 tenes:
846 2410 960 2466 illaa
986 2410 1248 2467 Amarante,
1270 2409 1486 2459 moraris:

291 2471 401 2522 Pars
415 2475 585 2534 thyma,
603 2489 706 2536 pars
719 2475 897 2530 casiam,
910 2490 1015 2536 pars
1029 2475 1263 2523 meliloton
1278 2482 1448 2524 amant.
1461 2479 1561 2525 440

234 2537 428 2588 Plurima
444 2539 564 2587 lecta
584 2555 687 2588 rosa
707 2546 806 2598 est3
823 2537 879 2586 et‘
891 2547 999 2587 sunt
1020 2541 1119 2590 sine
1138 2541 1323 2589 nomine
1342 2540 1493 2590 fiores.

295 2601 396 2667 Ipsa
414 2618 572 2652 crocos
593 2612 765 2670 tenues,
786 2606 969 2666 liliaque
989 2605 1088 2653 alba
1106 2605 1235 2668 legit.

239 2667 452 2732 carpendi
475 2670 624 2718 studio
643 2670 874 2734 paullatim
895 2668 1081 2734 longids
1102 2671 1215 2717 itur:

295 2733 360 2784 Et
376 2734 732 2802 domiuamcasu
750 2736 878 2788 nulla
897 2743 1055 2787 secuta
1073 2750 1242 2788 comes·
1295 2759 1300 2766 ·
