1842 2966
311 189 343 235 6
621 179 680 230 Ρ.
712 178 947 231 OVIDII
963 198 966 203 ⁴
980 179 1281 233 NASONIS

322 313 402 364 Ad
422 312 613 375 primam
633 328 795 367 vocem
817 313 996 363 timidas
1018 314 1249 362 advertitis
1270 327 1428 363 aures:

262 377 273 387 ⁶
389 376 458 428 Et
477 378 620 426 visam
642 376 838 441 priQO
861 381 1056 428 consulit
1076 395 1223 442 augur
1242 394 1388 428 avem.
1566 382 1666 428 180

325 443 521 508 Templa
538 451 696 507 patent
717 461 937 509 auresque
959 444 1144 492 Deum:
1182 460 1268 492 nec
1287 445 1446 508 lingua
1459 445 1670 501 caduces&

393 507 606 573 Concipit
627 512 719 559 ulla
737 526 907 573 preces,
933 511 1138 571 dictaque
1158 510 1336 572 pondus
1356 511 1534 558 habent.
1561 554 1570 561 .

252 610 267 632 .
327 573 546 625 Desierat
566 578 749 640 paucis:
789 592 872 623 nec
892 576 1033 637 longa
1055 576 1231 622 silentia
1248 573 1369 633 feci3

395 641 488 689 Sed
508 643 638 705 tetigi
659 642 807 689 verbis
828 641 985 688 ultima
1005 641 1140 688 verba
1161 641 1302 687 meis:

332 706 459 767 Quid
477 707 578 754 vult
598 707 748 770 palma
764 706 858 759 sibi,
882 721 1138 767 rugosaque
1161 707 1316 761 carica,
1340 706 1448 762 dixi,
1475 746 1479 753 .

396 772 465 820 Et
485 771 590 820 data
610 774 693 819 sub
715 771 847 818 niveo
870 771 1060 817 candida
1078 771 1213 818 mella
1230 770 1372 818 favo?

333 830 498 893 Omen,
523 839 597 893 ait,
621 851 778 884 caussa
800 843 883 890 εει,
906 844 960 883 ut
981 852 1053 883 res
1075 852 1207 899 sapor
1229 836 1305 883 ille
1327 841 1553 898 sequatur,

397 903 465 953 Et
484 908 674 965 peragat
693 910 894 963 coeptum
916 902 1059 949 dulcis
1081 910 1131 948 ut
1153 917 1298 949 annus
1317 901 1419 949 iter.

335 968 509 1029 Dulcia
529 982 609 1013 cur
630 966 794 1013 dentur
813 964 973 1013 video:
1015 966 1142 1028 stipis
1164 967 1305 1030 adjice
1320 981 1538 1023 caussam,

401 1032 516 1079 Pars
537 1032 647 1078 mihi
664 1031 720 1077 de
741 1030 858 1078 festo
882 1048 942 1079 ne
955 1032 1076 1079 labet
1097 1032 1189 1079 ulla
1208 1039 1303 1079 tuo.
1575 1036 1675 1084 190
1749 1090 1754 1097 .

335 1098 490 1153 Risit;
525 1104 582 1151 et,
609 1095 657 1143 Ο
676 1093 807 1158 quam
831 1105 878 1143 te
898 1095 1062 1144 fallunt
1084 1105 1161 1144 tua
1182 1097 1345 1152 secula,
1368 1096 1495 1154 dixit,

403 1161 500 1216 Qui
521 1161 637 1223 stipe
657 1162 748 1208 mel
770 1160 919 1209 sumta
941 1162 1114 1209 dulcius
1136 1178 1236 1209 esse
1255 1170 1389 1224 putes
1403 1161 1426 1208 ⁶?

336 1225 436 1275 Vix
457 1242 547 1288 ego
570 1226 767 1274 Saturno
788 1243 1062 1289 quemquam
1084 1235 1305 1289 regnante
1319 1227 1539 1285 videbam,
1569 1274 1574 1281 ,

405 1289 552 1355 Cujus
574 1307 666 1339 non
688 1293 839 1339 animo
863 1293 1011 1340 dulcia
1028 1293 1153 1341 lucra
1171 1291 1336 1340 forent.

336 1356 569 1420 Tempore
583 1358 726 1415 crevit
739 1373 878 1413 amor,
896 1358 973 1420 qui
990 1374 1109 1406 nunc
1126 1365 1196 1406 est
1211 1373 1428 1415 summus,
1445 1358 1658 1411 habendi.

403 1420 502 1470 Vix
523 1420 654 1479 ultra,
678 1421 769 1486 qud
780 1425 879 1488 jam
901 1424 1228 1489 progrediatur,
1250 1424 1397 1471 habet.

341 1489 496 1540 Pluris
517 1505 626 1554 opes
648 1506 770 1539 nunc
795 1499 913 1547 sunt,
939 1490 1073 1553 quam
1093 1490 1227 1553 prisci
1249 1490 1465 1552 temporis
1486 1491 1646 1549 annin
1723 1506 1728 1511 ’
1801 1462 1804 1530 i

405 1553 537 1603 Dum
557 1557 752 1618 populus
772 1572 953 1619 pauper,
977 1557 1082 1603 dum
1107 1571 1225 1602 nova
1241 1554 1393 1602 Roma
1411 1554 1523 1603 fuit:
1803 1557 1804 1564 ’

339 1620 473 1671 Dum
496 1636 600 1669 casa
622 1620 934 1683 Martigenam
957 1621 1158 1681 capiebat
1178 1634 1317 1681 parva
1334 1619 1594 1678 Quirinum,
1620 1659 1636 1672 ,.

409 1685 477 1734 Et
497 1686 629 1732 dabat
650 1686 867 1747 exiguum
888 1683 1089 1731 fluminis
1110 1684 1218 1730 ulva
1238 1690 1404 1734 torum·
1581 1690 1684 1737 200

340 1749 406 1802 Ju
436 1751 524 1797 iter
544 1747 738 1811 angusta
756 1750 837 1796 vix
858 1755 982 1795 totus
1005 1749 1149 1795 stabat
1169 1749 1217 1796 in
1239 1749 1365 1808 aede;

471 1830 560 1876 que
579 1813 712 1863 Jovis
734 1812 893 1861 dextra
912 1812 1050 1860 fictile
1069 1812 1243 1873 fulmen
1264 1823 1374 1862 erat.

345 1878 601 1930 Frondibus
623 1880 854 1933 ornabant,
877 1894 981 1941 quae
1004 1894 1124 1926 nunc
1142 1877 1368 1942 Capitolia
1384 1883 1609 1944 gemmis:
1659 1931 1666 1938 ,

414 1944 723 2005 Pascebatque
739 1959 842 1991 suas
857 1944 954 2007 ipse
975 1944 1172 1993 Senator
1192 1961 1316 1993 oves.

345 2010 452 2061 Nec
471 2010 629 2073 pudor,
651 2011 699 2058 in
722 2008 886 2073 stipula
904 2010 1123 2072 placidam
1146 2012 1318 2073 cepisse
1336 2011 1549 2074 quietem,

413 2075 518 2123 Nec
537 2074 713 2123 foenum
736 2074 869 2137 capiti
890 2076 1191 2138 supposuisse,
1212 2075 1313 2125 fuit.

346 2139 465 2193 Jura
484 2140 617 2187 dabat
635 2140 813 2202 populis
833 2141 985 2202 posito
1006 2137 1142 2188 modo
1167 2139 1344 2191 consul
1363 2149 1542 2203 aratr03

415 2204 483 2255 Et
502 2206 617 2252 levis
639 2205 816 2267 argenti
836 2205 1004 2253 lamina
1023 2206 1193 2254 crimen
1215 2214 1326 2254 erat.

346 2269 420 2322 At
413 2278 678 2384 ¹postquam
700 2269 905 2319 Fortuna
924 2271 1012 2318 loci
1035 2279 1168 2334 caput
1187 2272 1350 2319 extulit
1370 2272 1517 2337 hujus,
1551 2325 1558 2332 ‚

374 2339 383 2344 “
462 2342 483 2382 t
503 2336 655 2398 tetigit
675 2351 877 2384 summos
896 2336 1066 2384 vertice
1083 2336 1236 2385 Roma
1256 2336 1388 2384 Deos
1399 2354 1417 2395 ς
1581 2343 1690 2391 210

352 2399 612 2452 Creverunt
633 2408 680 2448 et
702 2417 823 2464 opes,
847 2408 894 2449 et
974 2417 1050 2448 um
1070 2400 1241 2449 furiosa
1261 2402 1446 2463 cupido:

415 2464 497 2523 Et,
518 2463 621 2516 cum
637 2468 894 2529 possideant
914 2418 1117 2529 giarium,
1139 2467 1269 2529 plura
1287 2465 1461 2514 volunt.

352 2529 576 2588 Quaerere
595 2538 647 2578 ut
667 2534 916 2586 absumant,
948 2534 1182 2593 absumpta
1202 2531 1426 2592 requirere
1445 2539 1666 2587 certauit„

416 2596 573 2658 Atque
589 2597 702 2659 ipsae
723 2598 843 2646 vitiis
864 2604 972 2644 sunt
991 2597 1203 2643 alimenta
1221 2596 1357 2643 vices.
1485 2655 1494 2662 ἱ

354 2660 448 2717 Sic,
464 2662 624 2723 quibus
643 2662 857 2710 intumuit
877 2659 1047 2709 suffiisii
1064 2667 1224 2709 venter
1242 2661 1299 2708 ab
1320 2658 1454 2716 unda.

424 2725 531 2784 Quo
551 2724 654 2794 plus
676 2723 782 2779 sunt
800 2734 936 2794 potae,
957 2724 1061 2792 plus
1082 2725 1293 2775 sitiuntur
1312 2739 1456 2789 aquae·
