1842 2966
316 116 418 162 346
658 101 996 160 P.ovm11
1028 106 1336 161 NASONIS

321 242 508 303 Quique
526 242 583 290 ab
603 257 721 304 equo
742 237 947 305 praeceps
966 243 1018 292 in
1039 241 1180 289 Aleia
1199 240 1371 290 decidit
1392 251 1540 302 επις

387 308 546 356 Exitio
567 307 708 355 facies
730 309 802 354 cui
825 323 908 355 sua
928 303 1048 371 pene
1069 308 1173 356 fuit.

321 372 391 430 Id,
409 374 530 435 quod
547 374 891 435 Amyntorides,
906 375 1086 432 vidffls3
1111 373 1435 436 trepidumque
1450 372 1651 422 ministro

388 438 647 487 Praetentes
669 440 840 495 baculo,
866 439 1057 486 luminis
1079 439 1230 494 orbus,
1251 440 1356 486 iter.
1584 441 1667 486 260

321 503 427 554 Nec
448 505 551 567 plus
573 506 806 567 adspicias,
830 502 967 566 quam
991 520 1127 566 quem
1150 520 1234 553 sua
1254 504 1353 552 filia
1372 505 1535 553 rexit·
1517 540 1536 565 ,

383 570 618 634 Expertus
640 571 788 617 scelus
809 579 879 617 est
901 572 1031 634 cujus
1053 578 1241 632 uterque
1260 585 1452 633 patena.

321 635 487 693 Qualis
508 644 619 690 erat,
641 643 884 698 postquam
908 647 980 683 est
992 637 1138 711 judex
1160 638 1219 683 de
1239 636 1322 683 lite
1335 633 1512 699 jocosi

389 703 594 757 Sumtus,
618 700 862 763 Apollinea
885 702 1035 749 clarus
1058 705 1106 748 in
1130 710 1226 748 arte
1248 716 1411 749 senex.

322 767 486 826 Qualis
508 778 555 815 et
575 768 653 814 ille
675 767 772 818 fuit,
797 783 888 828 quo
910 767 1203 844 praecipiente
1224 767 1447 814 columba

388 833 479 881 Est
500 834 604 879 data
627 831 842 880 Palladiae
862 834 1034 896 praevia
1056 834 1239 894 duxque
1262 833 1367 879 rati.

321 897 508 959 Quique
530 899 676 945 oculis
696 899 853 953 caruit,
877 914 959 961 per
975 913 1090 960 qnos
1111 895 1232 945 male
1255 898 1440 946 viderat
1461 909 1648 947 aunum

388 962 583 1014 Inferias
606 971 713 1010 nato
735 979 850 1024 quos
873 964 997 1011 dedit
1020 965 1127 1011 orba
1152 975 1334 1042 paren-²1.

323 1028 492 1078 Pastor
514 1036 565 1075 ut
588 1028 817 1084 AEtnaeus‚
845 1029 917 1076 cui
942 1043 1073 1077 casus
1096 1027 1203 1076 ante
1225 1028 1408 1076 futuros

388 1093 607 1141 Telemus
631 1093 911 1156 Eurymides
935 1095 1201 1142 vaticinatus
1224 1102 1339 1142 erat.
1577 1093 1670 1140 270

323 1158 396 1209 Ut
419 1160 509 1207 duo
535 1158 757 1216 Phinidae,
782 1161 945 1221 quibus
966 1160 1086 1208 idem
1110 1161 1266 1207 lumen
1288 1157 1480 1214 ademit,

390 1224 485 1280 Qui
509 1224 662 1272 dedit:
703 1234 755 1273 ut
777 1223 1040 1288 Thamyrae,
1066 1225 1419 1286 Demodocique
1434 1229 1591 1288 caput.

323 1290 402 1340 Sic
424 1290 584 1353 aliquis
607 1299 686 1339 tua
701 1292 902 1338 membra
925 1300 1062 1346 secet,
1088 1293 1312 1339 Saturnus
1335 1298 1390 1338 ut
1409 1290 1519 1337 illas

391 1356 631 1405 Subsecuit
646 1366 810 1419 partes,
835 1357 957 1405 unde
978 1365 1158 1404 creatus
1179 1364 1292 1403 erat.

323 1421 429 1472 Nec
454 1423 531 1470 tibi
555 1423 613 1470 sit
629 1423 791 1469 melior
813 1423 997 1470 tumidis
1022 1421 1270 1486 Neptunus
1289 1422 1338 1469 in
1364 1419 1520 1477 undis,

391 1487 544 1545 Quam
568 1491 642 1535 cui
667 1500 773 1537 sunt
795 1489 957 1535 subitae
978 1488 1117 1536 frater
1138 1496 1185 1535 et
1207 1503 1324 1542 uxor
1341 1503 1481 1545 τινας

325 1554 598 1616 Sollertique
622 1555 731 1608 viro,
757 1555 918 1602 lacerae
940 1569 1076 1615 quem
1098 1553 1243 1601 fracta
1264 1561 1504 1602 tenentem

391 1620 605 1668 Membra
626 1621 734 1667 ratis
760 1620 963 1668 Semeles
986 1631 1056 1667 est
1078 1621 1292 1666 miserata
1314 1633 1456 1666 soror.

325 1684 422 1735 Vel
441 1694 533 1739 tua,
557 1700 617 1731 ne
637 1700 790 1748 poenae
812 1701 961 1746 genus
982 1686 1069 1733 hoc
1093 1686 1365 1748 cognoverit
1385 1698 1523 1740 unua,

353 1750 585 1798 .'Viscera
607 1750 797 1798 diversis
819 1751 960 1809 scissa
979 1750 1182 1798 ferantur
1203 1751 1347 1813 equis.
1577 1748 1668 1795 280

325 1815 421 1865 Vel
441 1832 559 1878 quae,
582 1818 660 1878 qui
684 1818 839 1864 redimi
866 1816 1078 1864 Romano
1100 1824 1233 1879 turpe
1252 1816 1444 1879 putavit,

391 1881 439 1930 A
478 1882 592 1929 duce
618 1881 821 1929 Puniceo
844 1883 1040 1944 pertulit,
1065 1884 1161 1944 ipse
1181 1881 1317 1929 feras.

325 1947 432 1997 Nec
453 1949 533 1995 tibi
557 1948 755 1994 subsidio
779 1949 835 1994 sit
857 1963 1060 2010 praesens
1084 1963 1283 1995 numen.
1324 1953 1375 1994 ut
1397 1944 1483 2002 illi,'

394 2013 485 2062 Cui
509 2014 621 2060 nibil
647 2013 818 2060 Hercei
841 2013 1010 2075 profuit
1032 2029 1109 2060 ara
1130 2013 1164 2063 J
1167 2028 1280 2060 ovis.

327 2078 487 2139 thue
510 2079 633 2126 dedit
655 2080 797 2126 saltus
819 2080 874 2126 de
897 2094 1077 2126 summo
1098 2078 1350 2126 Thessalus
1372 2073 1512 2133 Ossa.

390 2142 468 2190 Tu
490 2160 672 2204 quoque
696 2160 860 2191 saxoso
883 2146 1166 2222 praecipitere
1178 2146 1313 2207 jugo·

327 2209 429 2258 Aut
450 2210 579 2256 velut
601 2209 805 2270 Euryali,
830 2211 906 2271 qui
933 2218 1158 2273 sceptrum
1182 2210 1300 2272 cepit
1322 2208 1379 2255 ab
1399 2206 1494 2263 ino,

395 2274 499 2322 Sint
520 2282 645 2322 artus
666 2275 809 2320 avidis
831 2276 1056 2337 anguibus
1078 2292 1182 2323 esca
1204 2276 1284 2322 tui.

326 2339 421 2387 Vel
442 2347 521 2386 tua
541 2349 750 2394 maturet,
776 2341 893 2387 sicut
916 2341 1101 2387 Minoia
1121 2341 1228 2395 sata,

393 2403 486 2452 Per
508 2412 641 2466 caput
663 2404 827 2450 infusae
849 2404 1050 2452 fervidus
1075 2408 1237 2452 humor
1259 2419 1418 2465 aquae.
1581 2404 1675 2450 290

330 2468 489 2529 thue
509 2483 667 2529 parum
693 2470 804 2522 miti,
831 2471 911 2515 sed
935 2486 1028 2517 non
1050 2472 1247 2533 impune,
1274 2467 1599 2524 Prometheus,

396 2532 560 2579 Aerias
583 2534 790 2579 toluci-es
815 2536 1038 2596 sanguine
1059 2535 1178 2584 fixus
1200 2537 1308 2584 alas.

328 2594 441 2651 Aut,
463 2597 589 2644 velut
612 2597 851 2645 Etracides
873 2615 1045 2677 magno
1068 2607 1139 2648 ter
1160 2603 1216 2649 ab
1240 2599 1451 2648 Hercule
1469 2597 1666 2661 quintu.

395 2659 588 2712 Caesus
571 2677 623 2710 in
639 2665 912 2713 immensum
929 2667 1166 2738 projiciare
1186 2667 1370 2721 suetum
