1842 2966
330 143 422 189 190
663 136 721 187 1².
753 133 986 191 OVIDII
1019 134 1322 188 NASONIS

325 268 459 331 Ergo
479 268 554 316 ubi
574 267 806 332 prospexit
818 265 1050 316 venientia
1068 269 1204 327 vela3
1236 265 1508 328 Tenemur,

390 333 459 383 Et
478 340 605 397 pater
618 340 689 382 est
709 332 859 396 aliqua
875 333 1034 381 fraude
1048 334 1306 390 morandus,
1329 335 1416 382 ait.
1647 338 1716 383 m

327 399 459 446 Dum
474 399 582 459 quid
602 406 709 462 agat
730 400 905 460 quaerit,
919 399 1027 446 dum
1048 405 1202 447 versat
1220 400 1270 447 in
1291 400 1457 449 omnia
1476 399 1692 459 vultu„

391 464 471 512 Ad
488 463 673 512 fratrem
696 479 803 512 casu
822 464 995 515 lumina
1016 462 1135 512 flexa
1155 465 1274 512 tulit.

330 526 476 577 Cu'us
495 537 547 576 ut
567 531 718 578 oblata
737 537 807 577 est
826 530 1090 592 praesentia;
1113 529 1368 587 vincimus,
1393 530 1589 592 inquit.

449 595 490 643 'c
511 596 621 643 mihi
636 602 782 643 morte
803 593 886 642 sua
904 610 1064 642 caussa
1085 596 1241 642 salutis
1261 596 1360 643 erit.

329 658 548 708 Protinus
567 662 728 724 ignari,
750 674 836 707 nec
856 660 1098 723 quidquam
1120 661 1212 708 tale
1225 661 1450 717 timentis,

393 722 649 775 Innocuum
671 726 821 786 rigido
840 724 1040 788 perforat
1060 740 1169 773 ense
1187 725 1323 773 latus.

330 789 486 852 Atque
506 794 569 839 ita
588 790 775 846 divellit,
796 791 1061 853 divulsaque
1078 792 1283 838 membra
1300 805 1385 855 per
1406 803 1565 854 agros

396 855 615 919 Dissipat,
639 857 686 902 in
708 855 863 903 multis
883 857 1158 904 invenienda
1169 856 1301 904 locis.

330 920 438 969 Neu
459 928 588 982 pater
605 922 800 982 ignoret,
823 922 1012 985 scopulo
1029 922 1244 985 proponit
1261 923 1312 970 in
1333 920 1432 970 alto

396 985 720 1046 Pallentesque
739 1000 914 1043 manus,
939 989 1330 1050 sanguineumque
1347 990 1520 1049 capnts
1624 988 1696 1034 30

333 1049 406 1097 Ut
426 1051 606 1112 genitor
618 1049 836 1113 luctuque
854 1066 977 1101 novo
992 1053 1207 1107 tardetur,
1230 1060 1278 1100 et
1298 1057 1428 1100 artus

397 1113 530 1163 Dum
549 1115 663 1179 legit
683 1117 944 1174 exstinctos,
960 1119 1091 1164 triste
1107 1121 1313 1165 moretur
1331 1117 1438 1164 iter.

333 1177 452 1230 Inde
470 1178 634 1229 Tomis
652 1181 799 1230 dictus
816 1182 948 1229 locus
968 1182 1072 1239 hic;
1106 1183 1213 1243 quia
1230 1181 1376 1230 fertur
1393 1182 1448 1230 in
1466 1180 1556 1231 ino

396 1244 610 1296 Membra
630 1262 759 1296 soror
777 1247 933 1296 fratris
952 1248 1238 1296 consecuisse
1260 1248 1345 1297 sui.

820 1439 1090 1492 ELEGIA
1120 1439 1190 1490 X.

338 1569 395 1620 δι
414 1571 513 1634 quis
534 1572 680 1620 adhue
698 1572 801 1621 istic
820 1573 1030 1637 meminit
1043 1571 1246 1620 Nasonis
1267 1569 1447 1627 ademti,

402 1636 470 1685 Et
490 1645 692 1700 superest
712 1640 811 1685 sine
830 1653 906 1684 me
928 1652 1095 1686 nomen
1115 1639 1163 1685 in
1187 1636 1315 1684 Urbe
1335 1649 1520 1695 meumg

340 1701 631 1764 suppositum
654 1703 796 1750 stellis
817 1718 1063 1764 numquam
1084 1702 1375 1766 tangentibus
1396 1716 1558 1764 equor

404 1766 490 1813 Me
511 1769 623 1815 sciat
642 1769 692 1815 in
712 1767 858 1815 media
877 1770 1033 1816 vivere
1050 1769 1267 1816 barbarie.

341 1831 626 1881 Sauromatae
639 1834 842 1898 cingunt,
862 1833 961 1880 fera
981 1849 1111 1897 gens,
1134 1834 1369 1894 Bessique,
1386 1832 1621 1931 'Getaeque
1633 1852 1649 1883 ι

406 1895 558 1951 Quam
581 1914 674 1946 non
694 1900 879 1963 ingenio
900 1900 1087 1947 nomina
1107 1899 1244 1962 digua
1263 1913 1367 1945 meo
1386 1935 1397 1946 .

344 1960 475 2026 Dum
492 1970 644 2011 tamen
667 1980 775 2012 aura
793 1972 931 2027 tepet,
954 1965 1104 2012 medio
1119 1964 1399 2011 defendimur
1421 1961 1562 2011 Istro:

407 2025 494 2075 Ille
509 2030 602 2076 suis
621 2029 815 2090 liquidus
834 2031 953 2077 bella
972 2031 1148 2092 repellit
1169 2029 1310 2091 aquis.

342 2091 413 2140 At
433 2091 538 2140 cum
559 2095 699 2142 tristis
719 2096 864 2142 hiems
880 2096 1132 2157 squalentia
1149 2093 1336 2157 protulit
1356 2108 1449 2149 ora,

406 2155 640 2220 Terraque
659 2175 912 2207 marmoreo
933 2161 1121 2208 candida
1138 2161 1260 2207 facta
1280 2158 1389 2222 gelu
1409 2165 1504 2206 ests
1609 2163 1673 2209 10

345 2220 499 2287 [Dum
519 2230 643 2285 patet
663 2230 711 2271 et
732 2224 903 2272 Boreas
925 2232 973 2273 et
992 2227 1074 2274 nix
1092 2226 1258 2289 injecta
1278 2224 1361 2271 sub
1382 2222 1550 2281 Arcto;

407 2285 531 2335 Tum
551 2289 695 2349 liquet
715 2291 795 2336 has
815 2298 978 2351 gentes
997 2306 1083 2338 axe
1102 2297 1327 2339 tremente
1336 2287 1510 2353 premi]

345 2351 445 2399 Nix
455 2354 605 2415 Jaeetx
633 2360 681 2401 et
693 2354 864 2417 jactam
885 2370 972 2403 nee
995 2356 1077 2404 Sol
1094 2356 1321 2419 pluviaeve
1337 2354 1589 2404 resolvunt:

412 2414 601 2463 Indurat
617 2417 802 2476 Boreas,
824 2435 882 2483 pe
1012 2436 1174 2482 amque
1186 2420 1310 2468 facit.

346 2478 418 2527 Er
451 2496 493 2535 o,
510 2481 585 2527 ubi
602 2482 784 2531 delicuit
802 2500 895 2532 non
928 2501 1004 2533 um
1025 2487 1162 2548 prior,
1184 2485 1328 2533 altera
1345 2483 1490 2532 venit=

463 2550 482 2589 t
503 2545 616 2593 solet
631 2548 677 2593 in
699 2548 853 2596 mulis
870 2551 993 2604 bima
1012 2565 1195 2598 manere
1212 2550 1342 2597 locis.

349 2605 586 2670 Tantaque
606 2613 821 2662 commoti
840 2615 913 2662 vis
932 2622 1003 2663 est
1024 2615 1278 2677 Aquilonis,
1299 2620 1354 2661 ut
1373 2612 1486 2661 altas

413 2670 587 2735 AEquet
606 2677 746 2726 humo
766 2686 928 2738 turres,
948 2688 1158 2745 tectaque
1178 2686 1307 2744 rapta
1324 2677 1455 2728 ferat.
1555 2710 1568 2716 ·
