1842 2966
310 156 377 200 42
659 152 717 201 Β.
747 153 983 204 OVIDII
1016 156 1317 214 NASONIS

321 275 744 338 Quantumanimis
765 288 929 336 erroris
950 289 1093 339 inest!
1128 304 1258 355 parat
1279 298 1435 349 inscia
1449 318 1642 359 rerum

383 346 554 394 Infelix
574 352 727 412 epulas
748 353 952 401 hostibus
972 355 1049 402 illa
1070 359 1177 407 suis.
1605 381 1730 428 790

319 411 528 461 Functus
549 422 646 463 erat
667 417 879 478 dapibus:
919 430 1112 482 poscunt
1135 440 1217 472 sua
1240 432 1449 492 tempora
1472 447 1681 492 somni.

329 496 337 510 ⁸
386 478 503 527 Nox
520 487 640 539 erat3
675 490 723 529 et
742 483 840 530 tota
859 485 1031 531 lumina
1052 489 1177 537 nulla
1197 492 1349 541 domo.

316 543 490 607 Surgit,
515 553 562 593 et
580 554 788 595 auratum
809 549 978 612 vagina
997 550 1155 601 liberat
1175 572 1331 605 ensem
1348 577 1365 617 ;

382 610 450 657 Et
470 612 597 658 venit
617 614 664 659 in
687 613 919 667 thalamos,
944 625 1086 677 nupta
1104 618 1277 682 pudica,
1302 631 1424 675 tuos.

316 673 478 736 thue
499 684 649 724 torum
671 680 834 740 pressit
841 695 856 735 ;
893 678 1100 738 Ferrum,
1125 684 1354 745 Lucretia,
1377 708 1582 747 mecum
1611 713 1718 764 est,

380 740 555 797 Natus:
570 745 645 798 ait,
670 743 831 804 Regis,
847 742 1209 810 Tarquiniusque
1227 751 1405 814 loquor.

312 804 403 854 Ina
425 808 556 854 nihil:
584 814 744 868 ‘neque
765 809 886 854 enim
907 826 1068 858 vocem
1092 816 1299 878 viresque
1318 820 1572 886 loquendi,

381 873 481 919 Aut
501 873 669 932 aliquid
689 879 789 919 toto
810 882 993 935 pectore
1014 881 1180 927 mentis
1200 883 1347 933 habet.

315 936 408 986 Sed
429 937 592 991 tremit,
617 944 668 983 ut
690 940 916 997 quondam
942 943 1126 992 stabulis
1148 947 1368 1010 deprensa
1388 955 1594 1016 relictis,

379 1001 530 1048 Parva
552 1002 634 1049 sub
653 1002 818 1051 infesto
840 1002 945 1051 culm
959 1008 1085 1068 jacet
1104 1026 1223 1072 agna
1243 1014 1366 1078 lupo.
1587 1016 1718 1080 800'

313 1066 440 1121 Quid
461 1065 596 1113 faciat
609 1067 632 1111 ⁴?
665 1070 875 1130 pugnet?
909 1071 1115 1120 vincetur
1134 1076 1305 1126 femina
1325 1083 1501 1146 pugna.

377 1129 595 1179 Clamet?
630 1139 676 1179 at
698 1135 746 1180 in
768 1134 937 1189 dextra,
962 1139 1037 1199 qui
1059 1149 1202 1197 necet,
1227 1147 1349 1193 ensis
1372 1151 1522 1199 adest.

308 1194 553 1258 Effisgiat?
585 1199 743 1259 positis
765 1208 986 1262 urguetur
1006 1212 1191 1264 pectora
1211 1211 1405 1272 palmis;

374 1260 518 1308 Nunc
538 1261 731 1324 primum
754 1264 943 1312 externa
962 1276 1145 1328 pectora
1166 1279 1287 1323 tacta
1307 1292 1462 1328 manu.

306 1324 459 1374 Instat
480 1343 636 1375 amans
657 1331 800 1377 hostis
821 1333 1039 1394 precibus,
1062 1337 1306 1400 pretioque,
1332 1346 1578 1409 minisque
1593 1372 1612 1402 ς

371 1391 476 1440 Nec
496 1409 640 1455 prece,
665 1411 750 1442 nec
770 1398 927 1458 pretio,
953 1413 1037 1444 nec
1058 1411 1214 1450 movet
1234 1406 1311 1454 ille
1338 1411 1489 1461 minis.

304 1455 391 1506 Nil
411 1460 535 1521 agis;
570 1461 768 1524 eripiam,
791 1463 917 1519 dixit,
942 1479 1023 1526 pro
1046 1467 1234 1516 crimine
1256 1473 1417 1524 vitamz

370 1523 533 1573 Falsus
552 1527 756 1575 adulterii
779 1531 907 1576 testis
930 1531 1105 1580 adulter
1125 1535 1223 1583 erit.
1451 1597 1458 1604 Δ

300 1589 568 1640 Interimam
590 1592 832 1651 famulum;
867 1610 971 1640 cum
996 1612 1085 1656 quo
1107 1598 1326 1661 deprensa
1344 1605 1524 1659 fereris,

370 1656 615 1704 Succubuit
635 1656 770 1704 famae
791 1660 912 1705 victa
933 1660 1081 1721 puella
1102 1673 1241 1714 metu.
1566 1686 1694 1735 810

303 1720 441 1777 Quid,
465 1723 624 1776 victor,
646 1724 849 1784 gaudes‘t]
882 1725 981 1771 haec
1003 1732 1048 1770 te
1071 1728 1259 1779 victoria
1279 1736 1453 1796 perdet.

367 1785 478 1833 Heu
501 1794 670 1848 quanto
691 1790 844 1849 regnis
866 1804 960 1835 nox
982 1792 1109 1837 stetit
1130 1809 1219 1843 una
1240 1801 1359 1849 tuis!

294 1848 498 1913 'Jamque
519 1861 616 1899 erat
637 1859 736 1899 orta
756 1853 874 1900 dies:
915 1856 1059 1916 passis
1082 1859 1209 1907 sedet
1228 1864 1305 1912 illa
1327 1869 1530 1931 capillisg

214 1911 221 1924 ¹
368 1915 438 1963 Ut
460 1918 576 1968 solet
597 1918 653 1965 ad
675 1920 768 1965 nati
791 1926 935 1968 mater
953 1921 1072 1970 itura
1092 1940 1271 1987 rogum.

299 1983 704 2045 Grandaevurnque
722 1992 895 2046 patrem
915 1984 1007 2033 fido
1029 2004 1133 2035 cum
1155 1995 1351 2058 conjuge
1371 2002 1536 2050 castris

365 2047 575 2096 Evocat:
615 2055 661 2094 et
684 2048 828 2110 posita
848 2052 976 2098 venit
997 2059 1184 2116 uterque
1206 2059 1347 2109 mora.

298 2113 458 2174 thue
477 2114 636 2162 vident
654 2115 884 2174 habitum
917 2132 1022 2179 quae
1036 2119 1187 2169 luctus
1201 2139 1361 2174 caussa
1382 2133 1643 2193 requirunt
1649 2160 1674 2202 3

363 2177 454 2228 Cui
476 2186 602 2243 paret
623 2181 869 2241 exsequias,
893 2198 1042 2243 quove
1064 2186 1122 2232 sit
1140 2186 1232 2236 icta
1252 2192 1389 2240 malo.

292 2243 384 2294 Illa
404 2245 479 2292 diu
503 2245 672 2299 reticet,
694 2246 1037 2310 pudibundaque
1058 2252 1173 2298 celat
1193 2256 1361 2304 amictu

361 2309 486 2358 Ora:
527 2310 676 2357 fluunt
694 2310 891 2360 lacrimae
911 2329 1039 2361 more
1058 2320 1266 2377 perennis
1287 2337 1433 2384 aquae.
1544 2337 1670 2386 820

281 2374 426 2424 ‘Hinc
446 2382 586 2438 pater,
610 2377 713 2423 hinc
735 2380 902 2440 conjux
921 2379 1126 2428 lacrimas
1147 2384 1362 2443 solantur,
1386 2397 1434 2437 et
1455 2408 1604 2448 orant

356 2438 563 2487 Indicetz
601 2448 647 2487 et
668 2458 789 2489 caeco
811 2443 1013 2506 flentque
1030 2455 1284 2510 paventque
1302 2461 1443 2501 metu.

294 2504 390 2555 Ter
411 2512 573 2553 conata
592 2506 728 2567 loqui,
753 2515 821 2555 ter
841 2509 1037 2556 destitit:
1078 2527 1276 2574 ausaque
1295 2518 1469 2579 quartd,

360 2570 473 2617 Non
495 2572 649 2619 oculos
670 2570 782 2620 ade&
803 2574 986 2621 sustulit
1005 2576 1082 2621 illa
1103 2593 1223 2624 suos.

293 2635 404 2685 Hoc
425 2652 602 2700 quoque
621 2636 868 2699 Tarquinio
889 2640 1174 2688 debebimus?
1207 2645 1403 2708 eloquar,
1427 2650 1610 2715 inquit.

355 2700 559 2764 Eloquar
577 2701 736 2751 infelix
757 2704 951 2754 dedecus
971 2705 1067 2769 ipsa
1086 2715 1253 2756 meum.
