1842 2966
568 250 957 307 FAsToRUM
988 250 1095 303 Lm.
1117 251 1161 303 1.
1505 260 1537 306 ’1

205 385 268 434 In
288 384 652 447 pretiopretium
674 394 796 433 nunc
818 392 918 433 est:
959 384 1036 433 dat
1057 398 1219 434 census
1240 385 1450 446 honores,

275 449 458 501 Census
479 451 724 500 amicitias:
760 467 931 514 pauper
952 452 1116 513 ubique
1126 453 1264 516 jacet.

201 515 284 565 Tu
305 523 460 563 tamen
482 517 728 579 auspicium
751 518 790 564 si
811 517 871 564 sit
892 517 1021 579 stipis
1042 517 1152 564 utile
1172 518 1352 580 quaeris,
1415 576 1422 581 ι
1539 560 1540 563 ,

275 579 467 642 Curque
476 583 643 645 juvent
664 590 842 630 nostras
863 597 957 630 aera
976 589 1157 629 vetusta
1175 598 1351 632 manus.
1450 588 1549 634 220

208 646 332 695 AEra
351 647 518 695 dabant
539 648 673 705 olim;
709 648 868 695 melius
890 663 1013 695 nunc
1035 663 1171 695 omen
1193 649 1241 695 in
1263 665 1373 698 auro
1394 658 1487 698 est:

276 711 504 773 Victaque
524 713 729 760 concedit
748 714 896 774 prisca
916 720 1102 760 moneta
1123 728 1271 761 novae.

209 777 319 827 Nos
330 792 510 839 quoque
521 778 689 840 templa
690 779 869 840 juvant,
884 778 1093 840 quamvis
1104 779 1288 840 antiqua
1298 780 1551 843 probemus,
1581 812 1586 819 ·

275 843 459 890 Aurea:
498 846 708 906 majestas
729 844 944 891 convenit
964 844 1053 890 ista
1074 843 1199 891 Deo.
1599 851 1610 855 “

209 907 476 957 Laudamus
496 915 686 963 veteres,
710 910 789 956 sed
811 909 978 956 nostris
1000 911 1170 956 utimur
1190 911 1353 958 annis:
1385 946 1390 949 v

277 972 393 1021 Mos
413 981 566 1021 tamen
587 982 657 1022 est
681 971 812 1036 aeque
835 974 1001 1036 dignus
1022 982 1213 1037 uterque
1234 976 1336 1024 coli.

212 1037 420 1090 Finierat
438 1040 653 1086 monitus.
689 1039 884 1086 Placidis
905 1040 971 1086 ita
992 1055 1161 1096 rursus,
1185 1048 1239 1088 ut
1260 1037 1383 1098 ante,

275 1101 574 1167 clavigerum
596 1105 742 1152 verbis
764 1105 983 1167 adloquor
1002 1106 1098 1167 ipse
1120 1105 1299 1154 Deum:

208 1169 369 1218 Multa
388 1169 568 1230 quidem
591 1170 722 1217 didici
734 1188 752 1229 3
788 1170 866 1216 sed
888 1186 969 1218 cur
991 1171 1163 1217 navalis
1183 1172 1233 1218 in
1257 1188 1349 1221 aere

276 1233 441 1282 Altera
462 1236 639 1298 signata
661 1243 743 1292 est,
767 1235 909 1283 altera
929 1235 1076 1282 forma
1095 1236 1281 1299 biceps?
1454 1241 1555 1286 2:30

210 1299 422 1348 Noscere
441 1315 517 1347 me
537 1299 700 1363 duplici
721 1316 877 1364 posses
898 1302 947 1348 in
970 1301 1182 1363 imagine,
1206 1302 1333 1358 dixit,

277 1364 346 1412 Ni
367 1372 502 1413 vetus
521 1366 618 1428 ipsa
638 1366 734 1413 dies
756 1371 1025 1413 extenuaret
1046 1381 1174 1428 opus.

210 1427 394 1481 Caussa
413 1432 522 1478 ratis
542 1437 768 1495 superest:
795 1429 1032 1478 Thuscum
1050 1438 1146 1479 rate
1157 1431 1285 1478 venit
1302 1431 1351 1479 in
1374 1446 1574 1479 amnem>

278 1493 410 1546 Ante
429 1504 659 1560 pererrato
679 1496 854 1543 falcifer
874 1497 986 1543 orbe
1006 1494 1155 1544 Deus.

217 1559 329 1610 Hae
349 1577 439 1625 ego
460 1562 709 1610 Saturnum
732 1561 918 1608 memini
941 1560 1103 1608 tellure
1124 1568 1379 1624 receptum:
1410 1595 1418 1602 ·

281 1624 523 1676 Coelitibus
545 1629 700 1691 regnis
722 1628 777 1674 ab
799 1624 920 1675 Jove
941 1625 1098 1688 pulsus
1120 1632 1231 1673 erat.

210 1692 334 1741 Inde
355 1692 432 1741 diu
453 1694 581 1756 genti
603 1693 770 1741 mansit
793 1692 1007 1740 Saturnia
1028 1706 1222 1739 nomene

278 1756 425 1806 Dicta
444 1767 633 1820 quoque*
645 1765 716 1806 est
737 1756 924 1805 Latium
947 1764 1080 1813 terra,
1103 1757 1275 1806 latente
1287 1753 1422 1809 Deo·

211 1824 284 1872 At
304 1823 425 1871 bona
443 1825 683 1887 posteritas
703 1824 887 1887 puppim
911 1823 1109 1872 servavit
1128 1824 1177 1871 in
1199 1836 1322 1884 aere3
1529 1884 1531 1887 y

280 1886 496 1953 Hospitis
517 1891 762 1937 adventum
782 1888 1022 1937 testificata
1042 1887 1158 1935 Det·
1456 1892 1556 1937 240

212 1952 327 2019 Ipse
348 1954 494 2002 solum
515 1955 647 2010 colui,
672 1955 800 2017 cujus
819 1953 1121 2017 placidissima
1139 1953 1310 2003 laevum

280 2018 427 2068 Radit
445 2020 622 2068 arenosi
643 2018 886 2081 Thybridis
908 2019 1030 2066 unda
1048 2018 1181 2067 latus.

216 2082 333 2139 Hic,
355 2085 431 2132 ubi
452 2101 574 2136 nunc
595 2084 750 2133 Roma
770 2093 852 2140 est,
876 2085 1082 2133 incaedua
1103 2084 1218 2132 silva
1236 2083 1430 2133 virebatz
1525 2134 1536 2148 -.

279 2148 522 2212 Tantaque
544 2165 616 2199 res
636 2151 790 2213 paucis
809 2165 976 2213 pascua
994 2150 1139 2197 bubus
1160 2157 1270 2198 erat.

216 2213 329 2265 Arx
349 2229 453 2263 mea
472 2216 600 2264 collis
620 2223 730 2272 erat,
753 2231 888 2278 quem
910 2215 1077 2264 cultrix
1099 2216 1283 2263 nomine
1302 2220 1461 2264 nostro

282 2279 536 2343 Nuncupat
556 2282 656 2328 haec
679 2289 803 2336 aetas,
827 2279 862 2330 J
861 2280 1177 2342 aniculumque
1196 2287 1345 2329 vocat.

215 2343 356 2394 Tunc
377 2361 467 2409 ego
489 2347 748 2410 regnabam,
767 2347 943 2409 patiens
964 2341 1068 2394 cum
1091 2354 1213 2394 terra
1232 2344 1443 2395 Deorum

281 2408 438 2467 Esset,
462 2417 511 2459 et
531 2412 740 2459 humanis
762 2411 948 2459 numina
968 2412 1111 2459 mixta
1131 2411 1260 2459 locis.
1293 2445 1300 2449 <

212 2474 439 2526 Nondum
459 2475 496 2526 J
495 2476 694 2524 ustitiam
713 2476 889 2525 facinus
908 2478 1100 2525 mortale
1118 2475 1323 2539 fugarat:

286 2540 494 2604 (Ultima
513 2543 572 2590 de
596 2542 779 2605 Superis
800 2542 879 2589 illa
898 2541 1078 2603 reliquit
1098 2539 1324 2603 humum.)
1455 2543 1556 2589 250

218 2605 407 2667 Proque
427 2614 557 2655 metu
574 2607 791 2670 populum
813 2608 910 2654 sine
930 2607 977 2654 vi
997 2607 1142 2669 pudor
1162 2607 1259 2668 ipse
1279 2607 1484 2669 regebat:

284 2669 461 2721 Nullus
482 2678 591 2727 erat,
604 2673 744 2736 justis
767 2672 954 2720 reddere
964 2673 1084 2735 Jura,
1106 2672 1248 2719 labor.

215 2735 305 2787 Nil
324 2737 435 2785 mihi
455 2752 561 2786 cum
581 2738 726 2786 bello:
764 2752 923 2801 pacem
943 2744 1186 2799 postesque
1206 2734 1389 2794 tuebar:

279 2801 352 2853 Et
369 2803 826 2864 clavempstendens,
850 2800 988 2861 Haec,
1011 2802 1086 2859 ait,
1111 2813 1247 2856 arma
1256 2809 1389 2861 gero.
1467 2851 1474 2858 -
