1842 2966
294 128 606 183 EPISTOL.
641 129 742 180 Ex
776 130 1152 183 PONTO'Lu.
1177 89 1270 183 iv.
1308 138 1383 183 13.
1444 138 1548 184 353

178 262 316 312 Tam
337 263 459 312 mala
472 262 717 311 Thersiten
739 263 1007 326 prohibebat
1026 263 1175 312 forma
1193 265 1350 323 latere,

258 327 420 385 Quam
440 327 629 392 pulchra
650 328 821 377 Nireus
841 330 1187 393 conspiciendus
1209 339 1320 380 erat.

182 394 305 442 Nee
326 402 375 443 te
395 396 563 451 mirari,
587 397 625 442 si
648 396 739 441 sint
760 396 939 451 vitiosa,
963 396 1138 443 decebit

262 458 499 516 Carmina,
524 477 627 522 quae
649 460 811 507 faciam
833 458 954 523 pene
976 462 1112 523 poeta
1138 461 1298 509 Getes.

182 526 273 573 Ah
292 525 461 588 pudet!
499 535 547 572 et
571 527 737 574 Getico
760 527 918 588 scripsi
941 534 1150 574 sermone
1164 527 1394 575 libellumz

262 590 537 652 Struetaque
559 601 665 638 sunt
689 593 857 638 nostris
875 593 1061 639 barbara
1082 593 1221 640 verba
1239 594 1403 641 modis.
1484 596 1552 639 20

185 656 266 705 Et
287 656 452 719 placui,
478 658 681 720 (gratare
701 656 836 717 mihi)
862 659 1070 719 coepique
1090 659 1243 719 poetae

263 719 397 768 Inter
417 723 689 769 inhumanos
710 737 877 769 nomen
895 724 1058 772 habere
1082 724 1243 771 Getas.

186 786 447 835 Materiam
469 787 667 849 quaeris?
690 786 846 834 laudes
868 788 925 835 de
950 787 1136 837 Caesare
1157 789 1267 836 dixi.

261 852 438 915 Adjuta
453 861 525 901 est
546 853 727 900 novitas
750 854 937 900 numine
959 862 1116 901 nostra
1138 852 1250 901 Dei.

188 917 329 966 Nam
350 919 491 979 patris
508 918 712 980 Augusti
734 918 866 965 docui
888 920 1081 966 mortale
1100 918 1245 966 fuisse

267 980 479 1045 Corpus;
504 984 551 1032 in
574 984 783 1032 aetherias
804 999 974 1031 numen
998 986 1145 1031 abisse
1166 985 1349 1032 domos:

194 1047 327 1097 Esse
345 1063 500 1110 parem
521 1047 692 1095 virtute
706 1050 836 1111 patri,
860 1051 938 1110 qui
958 1049 1089 1097 frena
1105 1058 1292 1098 coaetus

265 1112 403 1177 saep'e
425 1115 620 1160 recusati
644 1115 815 1176 ceperit
838 1116 1030 1176 imperii.

188 1178 321 1230 Esse
340 1179 603 1242 pudicarum
621 1185 668 1225 te
690 1178 897 1233 Vestam,
921 1178 1070 1234 Livia,
1095 1187 1306 1238 matrum,

265 1244 551 1307 Ambiguum
573 1250 683 1290 nato
705 1244 900 1305 dignior,
925 1259 1045 1290 anne
1067 1246 1183 1291 viro.
1478 1246 1553 1292 30

196 1309 326 1360 Esse
348 1310 461 1357 duos
474 1311 685 1372 juvenes,
708 1308 840 1356 firma
861 1309 1124 1371 adjumenta
1146 1309 1370 1367 Parentis,

269 1375 367 1430 Qui
388 1375 593 1423 dederint
613 1375 751 1422 animi
774 1375 968 1436 pignora
988 1381 1111 1421 certa
1133 1375 1218 1421 sui.

199 1440 331 1490 Haee
350 1442 427 1488 ubi
450 1457 543 1489 non
561 1437 708 1504 patria
728 1441 902 1502 perlegi
925 1441 1091 1502 scripta
1115 1437 1333 1497 Camenffi

266 1506 414 1556 Venit
434 1515 482 1554 et
502 1509 560 1554 ad
582 1507 751 1569 digitos
773 1506 934 1553 ultima
953 1507 1110 1553 charta
1130 1521 1290 1563 meos;

198 1573 271 1623 Et
287 1580 425 1636 eaput
446 1581 492 1620 et
511 1573 670 1634 plenas
692 1587 853 1619 omnes
873 1587 1061 1620 movere
1074 1573 1324 1635 pharetras,

266 1637 336 1687 Et
357 1639 549 1700 longum
573 1638 761 1686 Getico
757 1652 964 1685 murmur
984 1638 1032 1684 in
1055 1653 1135 1685 ore
1155 1637 1257 1685 fuit.

200 1705 361 1766 Atque
380 1704 557 1765 aliquis,
582 1703 761 1751 Scribas
782 1705 883 1750 haec
905 1701 1010 1751 eum
1031 1704 1086 1750 de
1111 1701 1312 1760 Caesare,
1335 1702 1464 1759 dixit,

271 1768 471 1820 Caesaris
492 1769 681 1830 imperio
704 1769 1010 1817 restituendus
1032 1785 1147 1817 eras.

199 1834 292 1884 Ille
314 1835 495 1897 quidem
518 1835 657 1892 dixit3
695 1835 775 1881 sed
795 1849 872 1882 me
883 1836 997 1898 Jam‚
1024 1833 1157 1889 Care,
1180 1834 1321 1883 nivali

271 1901 416 1949 Sexta
437 1900 687 1962 relegatum
710 1901 871 1947 bruma
893 1901 977 1947 sub
999 1915 1086 1946 axe
1106 1900 1246 1947 videt.
1485 1901 1554 1946 40

206 1965 426 2017 Carmina
446 1965 511 2012 nil
530 1973 723 2027 prosunt
741 1976 760 2011 τ
793 1971 1048 2012 nocuerunt
1068 1966 1269 2012 carmina
1289 1963 1545 2026 quondam}

274 2029 518 2092 Primaque
541 2040 633 2077 tam
656 2032 836 2077 miserae
858 2045 1018 2077 caussa
1036 2029 1164 2078 fuere
1184 2029 1328 2093 fugae.

203 2099 274 2146 At
295 2105 347 2145 tu
362 2112 443 2160 per
466 2098 600 2143 studii
623 2096 882 2143 communia
901 2095 1075 2143 foedera
1097 2096 1226 2153 sacri,
1321 2128 1328 2138 f

272 2161 366 2210 Per
386 2177 481 2209 non
502 2163 594 2209 vile
618 2162 695 2208 tibi
718 2177 886 2209 nomen
907 2160 1153 2219 amicitiae3

210 2229 287 2277 Sic
309 2235 442 2290 capto
465 2225 614 2274 Latiis
638 2227 943 2277 Germanicus
964 2229 1096 2274 hoste
1117 2226 1304 2283 eatenis,

272 2293 520 2340 Materiam
542 2294 707 2339 vestris
724 2291 896 2339 adferat
915 2293 1115 2355 ingeniis
1130 2308 1148 2349 ;

208 2359 285 2407 Sic
304 2358 488 2407 valeant
506 2358 647 2420 pueri,
669 2363 829 2409 votum
851 2372 1095 2404 commune
1118 2356 1343 2411 Deorum,

274 2423 408 2478 Quos
428 2423 527 2470 laus
546 2422 808 2470 fonnandos
830 2431 901 2470 est
915 2424 996 2470 tibi
1017 2438 1188 2485 magna
1209 2423 1370 2479 datos;

212 2490 399 2546 Quanta
416 2496 547 2550 potes
568 2489 721 2550 praebe
741 2495 914 2535 nostrae
935 2495 1167 2534 momenta
1189 2487 1352 2535 salutiz

276 2553 398 2612 Quae
418 2554 506 2604 nisi
527 2560 702 2602 mutato
725 2553 851 2600 nulla
870 2552 1026 2602 futura
1047 2554 1150 2603 loeo
1171 2559 1257 2602 est.
1487 2553 1554 2600 50
