1842 2966
553 190 940 271 rAsTORUM
970 191 1077 240 Lu.
1099 191 1190 241 1v.
1369 152 1376 157 ’
1473 196 1540 271 ⁶9

162 320 256 369 Sic
283 318 530 378 Venerem
552 325 765 387 gradibus
786 325 944 372 multis
964 326 1012 372 in
1033 329 1172 387 gente
1192 330 1415 387 repertam

243 387 469 443 Alterius
490 390 636 436 voluit
657 392 827 438 mensis
849 392 1012 437 habere
1030 391 1197 439 locum.

164 450 567 516 PrIncipiur'nque
587 456 655 502 sui
677 457 872 518 generis,
896 456 1188 519 revolutaque
1206 469 1416 517 quaerenn

233 518 440 575 Secula,
464 528 683 582 cognatos
702 522 831 568 venit
852 522 909 567 ad
930 536 1076 582 usque
1097 519 1242 568 Deos.
1469 522 1539 568 30

168 580 452 631 Dardanon
475 583 659 632 Electra
679 588 875 633 nesciret
894 585 1132 633 Atlantide
1152 593 1326 633 eretum

252 648 480 708 Scilicet}
515 651 729 698 Electran
752 653 1049 698 concubuisse
1068 649 1102 699 J
1103 648 1212 698 ovi?

180 711 358 777 Hujus
381 715 732 763 Erichthonius:
773 715 893 764 Tros
915 724 986 764 est
1005 724 1251 779 generatus
1273 716 1329 763 ab
1349 715 1453 764 illo:

254 780 524 827 Assaracon
546 786 667 838 creat
689 783 789 828 hie:
828 783 1174 843 Assaracusque
1196 780 1380 843 Capym'

180 843 447 892 Proximus
464 847 718 893 Anchisen:
758 862 860 894 cum
883 863 974 909 quo
996 861 1240 895 commune
1259 847 1459 910 parenti·

253 909 378 957 Non
400 911 642 974 dedignata
663 921 733 961 est
754 928 920 960 nomen
944 914 1107 961 habere
1130 912 1306 960 Venus.

185 973 326 1022 Hinc
350 983 479 1023 satus
500 977 689 1033 AEneas,
709 979 852 1042 pietas
874 986 1075 1042 spectata
1092 994 1175 1044 per
1192 980 1340 1042 ignes,

259 1040 419 1097 Sacra,
440 1051 705 1105 patremque
726 1045 924 1092 humeris
944 1045 1085 1092 altera
1106 1060 1246 1100 saera,
1269 1043 1408 1091 tulit„

187 1104 427 1154 Venimus
449 1108 506 1154 ad
524 1108 636 1154 felix
657 1109 894 1171 aiiquando
916 1126 1085 1158 nomen
1109 1109 1222 1175 Iiili.
1277 1134 1280 1139 ·

260 1169 405 1219 Unde
425 1173 589 1221 domus
609 1172 814 1222 Teucros
834 1174 868 1224 J
869 1176 961 1223 ulia
980 1177 1129 1238 tangit
1149 1191 1276 1225 avos.
1469 1176 1537 1220 40

191 1236 450 1285 Postumus
471 1240 598 1286 huicz
637 1242 726 1302 qui,
750 1238 871 1301 quod
893 1242 1022 1288 silvis
1038 1241 1126 1287 fuit
1146 1248 1273 1289 ortus
1293 1241 1343 1288 in
1364 1239 1481 1294 altis,

263 1303 435 1351 Silvius
456 1305 503 1350 in
528 1303 662 1352 Latia
681 1313 821 1368 gente
838 1314 1031 1353 vocatus
1051 1313 1161 1354 erat.

192 1366 352 1430 Isque,
379 1368 555 1426 Latine,
579 1371 660 1417 tibi
678 1380 805 1434 pater
826 1379 916 1417 est:
957 1372 1076 1418 subit
1097 1371 1219 1417 Alba
1239 1369 1484 1418 Latinum:
1499 1375 1521 1409 Ἀ

252 1433 510 1493 ‘Proximus
531 1443 601 1485 est
622 1437 767 1485 titulis
790 1435 967 1499 Epitoa
992 1436 1125 1491 Alba,
1149 1437 1255 1482 tuis.

196 1500 285 1549 Ille
306 1501 430 1548 dedit
453 1500 599 1564 Capyi
621 1502 820 1549 recidiva
842 1502 1060 1549 vocabula
1079 1500 1259 1564 Trojae3

262 1566 330 1614 Et
350 1574 458 1614 tuus
477 1574 550 1613 est
565 1567 702 1623 idem,
727 1565 932 1630 Calpete,
952 1565 1101 1614 factus
1120 1581 1248 1613 avus.

202 1630 411 1694 csnnque
429 1633 570 1695 patris
591 1647 785 1696 regnum
806 1641 911 1695 post
926 1634 1047 1679 hunc
1068 1630 1311 1679 Tiberinus
1328 1630 1535 1689 habere&

231 1723 237 1728 ·
265 1697 451 1745 Dicitur
465 1698 512 1744 in
534 1696 733 1745 Thuscae
753 1699 939 1761 gurgite
958 1713 1136 1745 mersus
1158 1713 1303 1762 aquae.

200 1762 233 1814 J
233 1779 304 1811 am
319 1770 475 1810 tamen
485 1761 724 1826 Agrippan
738 1766 960 1826 genitum,
973 1763 1313 1825 Remulumque
1326 1770 1539 1827 nepotem

268 1828 476 1876 Viderat:
512 1829 562 1874 in
583 1827 832 1876 Remulum
852 1828 1046 1876 fulmina
1064 1830 1202 1876 missa
1220 1829 1388 1876 ferunt.
1470 1829 1537 1876 50

207 1894 346 1942 Venit
366 1893 626 1940 Aventinus
646 1901 755 1957 post
775 1896 859 1940 hos
876 1906 898 1939 ι·
927 1894 1057 1940 loeus
1077 1895 1200 1941 unde
1219 1901 1423 1947 vocatus,

271 1959 412 2007 Mons
431 1974 626 2020 quoque.
659 1957 775 2006 Post
792 1959 920 2005 illum
945 1960 1107 2006 tradita
1127 1973 1270 2020 regna
1293 1957 1472 2005 Procae.

212 2026 357 2081 Quem
374 2025 575 2085 sequitur
595 2025 680 2071 diri
702 2023 923 2071 Numitor
942 2038 1188 2086 germanus
1209 2023 1383 2070 Amuli.

274 2089 356 2137 Ilia
376 2105 479 2137 cum
503 2088 659 2138 Lauso
674 2091 732 2137 de
755 2088 1000 2136 Numitore
1020 2090 1120 2137 sati.

214 2157 334 2207 Ense
353 2155 470 2203 cadit
488 2163 652 2218 patruo
675 2154 880 2202 Lausus:
918 2156 1070 2217 placet
1091 2152 1180 2201 Ilia
1201 2153 1372 2211 Marti3

275 2220 429 2282 Teque
446 2221 577 2283 parit,
599 2222 785 2282 gemino
796 2222 960 2283 juncte
983 2219 1175 2274 Quirine
1196 2219 1363 2266 Remo.

217 2286 299 2335 Ille
318 2301 420 2334 suos
441 2301 618 2347 semper
641 2284 871 2332 Venerem
894 2285 1187 2346 Martemque
1206 2291 1417 2347 parentes

278 2351 437 2400 Dixit:
475 2358 522 2397 et
543 2353 735 2398 emeruit
756 2352 883 2399 vocis
903 2352 1067 2398 habere
1085 2350 1238 2397 fidem.

221 2417 344 2468 'Neve
363 2417 558 2464 aeuituri
577 2423 764 2479 possent
783 2417 959 2464 nescire
981 2422 1197 2478 nepote83
1273 2475 1281 2483 ·

276 2483 497 2545 Tempora
517 2480 609 2529 Dis
628 2482 813 2544 generis
832 2481 1096 2529 continuata
1115 2481 1252 2529 dedit.
1475 2483 1545 2529 60

218 2550 307 2599 Sed
322 2546 516 2595 ‘Veneris
535 2562 740 2596 mensem
764 2548 908 2612 GraJo
931 2562 1140 2595 sermone
1158 2552 1366 2594 notatum

288 2615 521 2677 Auguror:
560 2611 588 2660 a
609 2614 781 2676 spumis
802 2621 871 2661 est
894 2611 1003 2660 Dea
1023 2614 1144 2660 dicta
1162 2611 1314 2659 maris.

230 2679 322 2732 Nec
341 2679 415 2726 tibi
435 2680 497 2727 sit
515 2679 682 2726 mirum
704 2678 849 2743 Grajo
870 2694 967 2726 rem
990 2679 1173 2726 nomine
1194 2677 1309 2725 dicit

280 2743 390 2810 itala
408 2760 513 2793 nam
535 2745 670 2794 tellus
692 2744 879 2802 Graeeia
897 2745 1042 2808 major
1062 2750 1172 2792 erat,
