1842 2966
270 228 339 277 92
600 220 659 271 P.
689 218 932 270 OVIDII‘
960 218 1266 274 NASONIS

273 357 376 407 Szx
396 354 486 411 ubi,
508 369 612 417 quae
632 355 817 411 restant,
838 354 968 403 luces
987 354 1161 418 Aprilis
1181 355 1362 404 habebit
1376 355 1404 414 ς’

337 422 400 470 In
421 421 571 476 medio
587 436 726 468 cursu
746 426 954 483 tempora
972 422 1095 468 veris
1115 430 1264 468 erunt.

272 487 347 536 Et
359 485 529 534 frustra
547 488 768 550 pecudem
789 498 968 547 quaeres
988 485 1341 534 Athamantidos
1364 485 1574 537 Hellen

343 554 574 616 Signaque
595 553 705 600 dant
724 553 892 598 imbres
907 569 921 598 z
959 552 1252 613 exoriturque
1273 550 1432 601 Canis-

276 617 388 667 Hac
409 619 519 666 mihi
543 618 778 670 Nomento
801 615 1002 663 Romam
1025 614 1130 664 cum
1150 616 1255 664 luce
1276 617 1485 674 redirem,

343 684 532 733 Obstitit
554 686 601 730 in
620 680 772 730 media
791 683 982 728 candida
999 683 1174 744 pompa
1187 681 1276 730 vid.

281 750 471 801 Flamen
492 751 538 796 in
561 750 762 809 antiquae
781 748 937 793 lucum
960 748 1203 811 Robiginis
1223 750 1330 804 ibat,

341 816 468 865 Exta
490 815 615 861 canis
634 813 843 866 flammis
867 821 976 859 exta
997 813 1184 861 daturus
1204 815 1319 862 ovis.

230 881 234 887 ’
278 882 494 931 Protinus
519 878 700 931 accessi,
724 876 838 926 ritus
860 893 920 925 ne
936 880 1117 925 nescius
1138 894 1303 926 essem.

342 947 504 995 Edidit
524 945 624 991 haec
647 941 841 989 Flamen
861 945 1013 998 verba,
1031 943 1239 1001 Quirine,
1261 952 1395 993 tuusz
1529 951 1645 1001 910

276 1013 458 1074 Aspera
479 1009 676 1071 Robigo,
700 1022 857 1070 parcas
878 1007 1144 1058 Cerealibus
1161 1011 1339 1059 herbis:

344 1076 411 1124 Et
433 1082 599 1121 tremat
620 1075 668 1120 in
692 1072 870 1120 summa
888 1074 992 1122 leve
1014 1076 1231 1123 cacumen
1254 1077 1410 1124 humo.

277 1141 356 1189 Tu
379 1147 477 1187 sata
498 1139 717 1186 sideribus
738 1139 844 1185 coeli
867 1141 1039 1187 nutrita
1060 1142 1246 1191 secundi

348 1205 582 1260 Crescere,
607 1205 715 1251 dum
736 1204 849 1252 fimt
866 1205 1057 1253 falcibus
1077 1213 1194 1269 apta,
1219 1208 1357 1254 sinas.

279 1270 368 1320 vis
390 1278 473 1318 tua
492 1286 584 1318 non
606 1270 721 1318 levis
744 1277 827 1317 est.
861 1270 985 1326 Qiiae
1007 1278 1059 1318 tu
1078 1271 1308 1320 frumenta
1327 1271 1512 1330 notasti,

349 1337 553 1384 Moestus
573 1337 622 1382 in
646 1338 824 1383 amissis
845 1336 924 1384 ma
945 1337 1134 1385 colonus
1156 1339 1303 1389 habet.

280 1401 387 1451 Nec
408 1403 532 1450 venti
555 1408 733 1449 tantum
754 1400 915 1451 Cereri
937 1418 1144 1459 nocuere,
1169 1419 1254 1451 nec
1275 1403 1476 1464 imbrem

346 1466 452 1517 Nec
474 1469 540 1517 sic
560 1482 817 1517 marmoreo
925 1476 973 1516 et
994 1468 1152 1517 adusta
1174 1470 1281 1533 gelu
1301 1487 1314 1518 ε

287 1534 536 1591 Quantum,
560 1537 598 1582 si
621 1533 796 1583 culmos
863 1542 960 1582 itan
981 1533 1210 1582 incaifacit
1229 1536 1358 1585 udos.

345 1598 470 1648 Tum
490 1601 620 1648 locus
642 1608 713 1648 est
733 1601 829 1656 irae,
854 1599 983 1647 Diva
1002 1600 1217 1656 timenda,
1242 1609 1348 1649 tuae.
1532 1608 1641 1654 920

284 1666 443 1723 Parce,
466 1681 638 1729 precor,
664 1667 929 1726 scabrasque
949 1680 1111 1713 manus
1132 1663 1160 1713 ὸ,
1178 1668 1400 1714 messibus
1422 1667 1580 1729 niffen-5

349 1730 487 1778 Neve
507 1746 624 1777 noce
645 1730 802 1777 cultis:
839 1745 977 1792 posse
998 1745 1163 1779 nocere
1186 1739 1258 1779 sat
1277 1740 1361 1780 est.

285 1796 389 1844 Nec
413 1803 593 1843 teneras
614 1793 806 1857 segetes,
831 1795 910 1842 sed
933 1796 1095 1843 durum
1118 1804 1304 1845 contere
1324 1797 1524 1847 ferrumz

354 1860 582 1922 Quodque
600 1868 753 1924 potest
775 1860 887 1908 alios
906 1862 1108 1923 perdere,
1130 1864 1268 1925 perde
1288 1865 1427 1926 prior.

291 1925 466 1976 Utilius
485 1927 664 1990 gladios
685 1933 733 1974 et
752 1927 845 1974 tela
865 1928 1078 1975 nocentia
1103 1943 1277 1991 carpes.

352 1992 436 2039 Nil
457 2008 571 2056 opus
592 2001 662 2040 est
682 1992 771 2039 illis
789 2009 802 2038 ι
842 1994 936 2039 otia
957 1994 1152 2040 mundus
1172 1996 1285 2057 agit.

287 2057 474 2107 Sarcula
494 2072 631 2112 nune,
654 2057 883 2117 durusque
903 2059 1074 2113 bidens,
1098 2066 1146 2106 et
1166 2074 1326 2106 vomer
1345 2060 1557 2118 aduncus,

353 2122 497 2170 Ruris
520 2138 629 2184 opes
653 2123 854 2168 niteant:
891 2123 1097 2184 inquinet
1118 2139 1244 2172 arma
1266 2126 1394 2172 situs.

286 2186 587 2248 Co‘natusque
605 2187 765 2248 aliquis
786 2186 958 2250 vaginii
976 2190 1142 2236 ducere
1161 2188 1345 2247 ferrum,

355 2252 639 2299 Adstrictum
660 2250 803 2314 longa
818 2256 984 2300 sentiat
1005 2270 1106 2302 esse
1126 2254 1271 2304 mora.
1532 2260 1644 2305 930·

290 2317 360 2366 At
380 2325 430 2364 tu
452 2332 511 2364 ne
530 2317 652 2364 viola
675 2316 890 2365 Cererem
909 2335 921 2366 ι
962 2333 1227 2384 semperque
1247 2320 1442 2372 colonus

358 2383 551 2429 Absenti
573 2383 718 2445 possit
737 2384 914 2431 solvere
934 2392 1043 2432 vota
1061 2387 1156 2432 tibi.

293 2445 506 2495 Dixerat.
538 2446 597 2495 A*
620 2447 779 2495 dextra
798 2450 917 2496 villis
940 2451 1137 2497 mantele
1158 2450 1330 2506 soiutis,

356 2510 567 2574 Cumque
586 2514 697 2559 meri
719 2514 876 2576 paterii
895 2518 1010 2562 turis
1032 2530 1185 2563 acerra
1204 2516 1305 2563 fuit.

289 2575 417 2625 Tura
437 2576 550 2625 focis
573 2579 819 2640 vinumque
839 2581 974 2634 dedit,
996 2580 1219 2642 fibrasque
1227 2581 1438 2637 bidentis,

359 2641 618 2705 Turpiaque
639 2645 863 2692 obscaenae
887 2644 1128 2709 (vidimus)
1153 2652 1259 2693 exta
1278 2647 1418 2693 canis·

295 2706 416 2754 Tum
439 2709 561 2764 mihi,
588 2708 685 2759 Cur
707 2711 837 2757 detur
859 2712 998 2757 sacris
1020 2725 1139 2758 nova
1159 2711 1353 2765 victima,
1377 2712 1568 2771 quaeris?
1597 2715 1608 2756 ἶ

357 2771 689 2837 (Quaesieram)
708 2791 910 2823 caussam
934 2777 1123 2839 percipe,
1148 2774 1336 2824 Flamen
1354 2777 1445 2823 ait:
1489 2807 1492 2810 η
1531 2805 1538 2818 .
