1842 2966
357 182 467 228 ‘174
672 172 730 222 P.
762 170 998 223 OVIDII
1028 170 1333 222 NASONIS

357 309 426 359 Et
447 323 550 355 mea
571 312 678 355 sunt
696 305 864 370 populo
886 306 1049 353 saltata
1067 303 1279 367 poemata
1298 318 1433 367 saepe
1451 320 1468 350 ε

425 375 561 437 Saepe
582 372 739 420 oculos
758 373 896 420 etiam
919 372 1154 420 detinuere
1174 378 1292 418 tuos.
1643 370 1740 417 520

358 441 544 489 Scilicet
564 441 612 486 in
634 439 840 486 domibus
860 438 1027 485 vestris
1048 445 1101 484 ut
1120 437 1267 500 prisca
1286 435 1507 484 virorum

426 505 606 554 Artifici
625 504 807 566 fulgent
828 517 1020 565 corpora
1036 504 1159 564 picta
1177 517 1347 558 manu;

359 572 449 628 sic,
471 587 575 633 quae
597 571 862 617 concubitus
882 568 1035 616 varios
1057 566 1343 629 Venerisque
1355 564 1551 628 figurat

425 638 680 700 Exprimat,
698 642 769 682 est
789 635 939 694 aliquo
959 648 1101 696 parva
1120 631 1284 680 tabella
1303 632 1428 679 loco.

365 703 524 765 thue
545 703 673 749 sedet
692 700 823 747 vultu
836 699 992 747 fassus
1012 698 1309 746 Telamonius
1328 699 1469 753 iram,

428 768 575 829 Inque
597 766 739 815 oculis
760 764 936 811 facinus
955 765 1141 815 barbara
1160 770 1306 810 mater
1326 763 1473 810 habet
1486 779 1501 809 ε

362 834 439 882 Sic
463 833 666 880 madidos
688 831 826 877 siccat
847 831 1003 892 digitis
1024 828 1186 876 Venus
1207 829 1297 877 uda
1317 828 1519 890 capillos
1534 846 1551 876 ε

428 898 497 947 Et
518 893 654 944 modd
669 895 887 942 maternis
908 903 1030 943 tecta
1042 896 1223 942 videtur
1237 895 1381 956 aquis.

360 964 496 1012 Bella
517 969 681 1014 sonant
702 960 789 1015 alii,
812 961 915 1008 telis
936 962 1158 1008 instructa
1178 960 1407 1007 cruentis:

430 1028 635 1088 Parsque
656 1026 722 1072 tui
743 1027 940 1088 generis,
962 1042 1067 1088 pars
1086 1033 1167 1073 tua
1186 1024 1308 1073 facta
1327 1029 1525 1073 canunt·
1628 1026 1721 1073 530
1799 1020 1800 1025 ¹

363 1094 527 1141 Invida
547 1108 623 1139 me
644 1093 789 1153 spatio
811 1091 992 1139 Natura
1013 1092 1213 1138 coercuit
1234 1096 1348 1146 arto,

430 1158 626 1222 Ingenio
647 1157 769 1204 vires
790 1158 1072 1219 exiguasque
1093 1157 1228 1205 dedit.

366 1224 436 1273 Et
457 1232 609 1271 tamen
628 1221 709 1269 ille
730 1230 823 1271 tuae
843 1223 958 1271 felix
979 1222 1208 1270 AEnei'dos
1229 1227 1391 1269 auctor

436 1288 647 1339 Contulit
666 1290 715 1335 in
736 1287 905 1349 Tyrios
928 1303 1054 1335 arma
1073 1289 1315 1348 virumque
1336 1294 1496 1334 toros:

366 1355 472 1404 Nec
492 1356 663 1417 leg-itur
682 1369 786 1416 pars
809 1354 900 1403 ulla
921 1354 1070 1416 magis
1090 1354 1147 1399 de
1168 1368 1358 1415 corpore
1372 1359 1488 1407 toto,

435 1420 587 1477 Quam
612 1436 704 1467 non
726 1419 933 1482 legitimo
953 1417 1128 1465 foedere
1139 1419 1329 1480 junctus
1351 1433 1499 1465 amor.

364 1488 591 1550 Phyllidis
612 1488 685 1533 hic
707 1486 841 1539 idem,
860 1492 1135 1546 tenerosque
1156 1483 1460 1545 Amaryllidis
1479 1485 1626 1547 ignes,

430 1553 661 1601 Bucolicis
671 1552 858 1614 juvenis
877 1550 1050 1597 luserat
1070 1546 1178 1596 ante
1198 1550 1361 1596 modis.

365 1618 472 1668 Nos
493 1633 675 1680 quoque
686 1618 785 1679 jam
805 1616 979 1677 pridem
1002 1616 1169 1678 scripto
1189 1615 1479 1677 peccavimus
1501 1631 1623 1663 uno:

434 1683 712 1746 Supplicium
733 1682 904 1744 patitur
921 1696 1018 1727 non
1039 1696 1161 1728 nova
1175 1681 1309 1742 culpa
1328 1696 1513 1729 novum.
1611 1684 1701 1730 540

369 1748 672 1809 carminaque
693 1747 933 1802 edideram,
956 1743 1062 1792 cum
1083 1754 1132 1793 te
1152 1746 1315 1794 delicta
1330 1753 1560 1795 notantem

435 1813 643 1861 Praeterii
663 1813 800 1860 toties
811 1812 918 1874 jure
939 1812 1119 1873 quietus
1140 1827 1292 1873 eques.

368 1878 515 1943 Ergo,
539 1894 642 1940 quae
654 1877 816 1941 juveni
838 1877 950 1923 mihi
972 1892 1065 1923 non
1086 1878 1292 1926 nocitura
1312 1877 1466 1940 putavi

433 1946 611 2007 Scripta
624 1959 782 2006 pamm
802 1944 1014 2005 prudens,
1036 1957 1158 1989 nunc
1180 1957 1376 1991 nocuere
1399 1942 1528 1990 seni?

372 2011 486 2060 Sera
506 2010 773 2057 redundavit
792 2008 959 2055 veteris
971 2008 1172 2054 vindicta
1189 2007 1356 2065 libelli;
1451 2007 1456 2014 '

434 2075 595 2122 Distat
614 2081 661 2121 et
683 2071 711 2120 a
731 2074 879 2119 meriti
900 2080 1104 2135 tempore
1124 2087 1261 2136 poena
1282 2075 1365 2120 sui.

365 2140 447 2188 Ne
467 2148 621 2187 tamen
643 2153 779 2185 omne
800 2154 953 2184 meum
975 2140 1130 2188 credas
1151 2154 1265 2201 opus
1287 2154 1387 2186 esse
1408 2138 1658 2197 remissum3

435 2206 569 2267 Saepe
591 2203 691 2250 dedi
715 2211 884 2250 nostrae
904 2203 1094 2264 grandia
1113 2204 1217 2251 vela
1236 2203 1337 2251 rati.

370 2271 465 2319 Sex
487 2270 577 2332 ego
600 2267 841 2315 Fastorum
864 2269 1022 2330 scripsi
1042 2269 1320 2330 totidemque
1337 2268 1534 2327 libellos;

438 2334 649 2394 Cumque
665 2348 747 2380 suo
768 2331 907 2380 finem
927 2349 1087 2381 mense
1106 2334 1322 2382 volumen
1344 2335 1485 2382 habet.
1591 2337 1683 2384 550

371 2400 517 2461 quue
532 2406 612 2445 tuo
626 2413 769 2460 nuper
791 2400 1007 2460 scriptum
1030 2400 1112 2446 sub
1128 2400 1325 2454 nomine,
1352 2397 1514 2455 Caesar,

437 2464 504 2511 Et
525 2464 604 2510 tibi
627 2471 850 2510 sacratum
873 2479 971 2510 sors
993 2478 1097 2511 mea
1117 2465 1235 2527 rupit
1257 2480 1387 2527 opus.

372 2528 441 2577 Et
462 2528 667 2574 dedimus
687 2529 872 2591 tragicis
892 2529 1108 2591 scriptum
1131 2530 1285 2592 regale
1305 2530 1543 2584 cothurnis:

442 2592 650 2654 Quaeque
671 2594 824 2653 gravis
846 2594 979 2641 debet
1000 2595 1137 2641 verba
1157 2595 1406 2648 cothurnus
1425 2595 1557 2642 habet.

374 2656 604 2718 Dictaque
626 2665 733 2703 sunt
747 2659 876 2706 nobis
900 2660 1129 2722 (quamvis
1144 2673 1307 2707 manus
1328 2659 1480 2709 ultima
1494 2665 1630 2723 coepto

439 2719 642 2785 Defuit)
666 2722 714 2772 in
734 2722 872 2773 facies
892 2739 1082 2788 corpora
1100 2740 1233 2774 versa
1252 2739 1409 2775 novas.
