1842 2966
292 200 392 245 ms
568 198 575 204 ·
639 193 699 243 Ρ.
729 190 966 244 ovum
998 154 1300 246 NAsoms

300 324 507 383 Viderit;
529 323 702 372 audebo
713 326 802 372 'tibi
823 340 899 373 me
919 325 1156 387 scripsisse
1170 323 1319 379 fateri,

361 390 518 451 Atque
538 390 723 438 modum
741 392 886 454 culpae
907 390 1142 438 notificare
1160 405 1292 438 meae.

296 454 406 511 Qui,
430 453 535 503 cum
555 460 632 503 m'e
652 456 789 518 poena
804 457 995 519 dignum
1010 457 1222 518 graviore
1239 455 1386 503 fuisse

360 518 607 578 Confitear,
629 537 816 584 possum
837 524 919 569 vix
940 522 1153 585 graviora
1172 521 1281 583 pati.

296 579 523 634 Hostibus
542 587 592 633 in
615 588 1019 649 mediis,=interque
1038 586 1238 650 pericula
1258 599 1446 633 versor:

360 650 614 715 Tamquam
638 667 740 699 cum
762 651 907 715 patria
927 667 1018 714 pax
1040 653 1100 698 sit
1119 652 1298 698 ademta
1317 651 1452 697 mihi.

297 715 408 773 Qui,
430 719 589 765 mortis
612 733 737 765 saevo
757 718 996 780 geminent
1015 723 1068 764 ut
1088 716 1276 763 vulnere
1293 730 1508 772 caussas,

357 781 526 831 Omnia
546 784 730 845 vipereo
753 783 925 845 spicula
944 782 1052 830 felle
1071 782 1241 828 linunt.

295 845 392 895 His
413 864 553 909 eques
573 850 822 896 instructus
842 849 1083 910 perterrita
1100 847 1275 894 moenia
1293 846 1482 904 lustrat,

359 912 499 960 More
519 914 615 974 lupi
638 914 814 961 clausas
837 913 1111 962 circuiiuntis
1134 927 1258 959 oves.
1597 915 1664 959 20

296 979 364 1025 At
387 978 527 1024 semel
547 979 749 1025 intentus
771 994 912 1025 nervo
936 979 1050 1025 levis
1068 992 1202 1025 arcus
1224 977 1394 1039 equino

359 1042 558 1089 Vincula
580 1057 758 1103 semper
772 1044 943 1090 habens
964 1042 1201 1099 irresoluta
1220 1048 1393 1090 manet.

295 1107 442 1154 Tecta
462 1108 613 1169 rigent
632 1106 736 1153 fixis
757 1108 898 1156 veluti
918 1108 1087 1155 vallata
1106 1108 1301 1170 sagittis,

359 1170 588 1233 Portaque
609 1173 691 1219 vix
712 1171 844 1220 firma
867 1174 1106 1221 submovet
1126 1187 1251 1220 arma
1272 1169 1390 1220 serii.

295 1237 430 1284 Adde
449 1237 539 1283 loci
561 1237 738 1294 faciem,
763 1254 847 1286 nec
868 1238 1043 1293 fronde,
1066 1253 1152 1286 nee
1173 1239 1332 1285 arbore
1351 1238 1484 1296 laeti;

359 1300 427 1349 Et
447 1299 570 1364 quod
592 1304 714 1351 iners
735 1305 873 1351 hiemi
896 1304 1186 1351 continuatur
1206 1304 1366 1351 hiems.

295 1365 394 1415 Hie
414 1383 490 1415 me
508 1377 791 1431 pugnantem
808 1385 910 1416 cum
925 1369 1109 1432 frigore,
1133 1383 1327 1429 cumque
1348 1368 1561 1432 sagittis,

361 1430 573 1496 Cumque
593 1450 696 1482 meo
716 1434 826 1492 fato,
848 1443 1008 1498 quarta
1026 1433 1189 1498 fatigat
1208 1434 1368 1481 hiems.

294 1497 421 1548 Fine·
436 1507 590 1548 carent
610 1501 824 1557 lacrimae,
844 1502 930 1549 nisi
952 1498 1058 1549 edm
1079 1507 1237 1563 stupor
1258 1499 1433 1548 obstitit
1452 1499 1559 1547 mis
1575 1517 1590 1547 ε

364 1564 432 1612 Et
454 1565 612 1612 similis
632 1567 768 1613 morti
789 1570 975 1628 pectora
994 1573 1150 1629 torpor
1170 1566 1318 1613 habet.
1599 1567 1676 1613 30

297 1628 501 1678 Felicem
524 1629 721 1687 Nioben,
744 1632 953 1694 quamvis
970 1638 1040 1678 tot
1059 1631 1220 1679 funera
1234 1632 1359 1686 vidit,

362 1694 484 1751 Quae
504 1698 654 1758 posuit
676 1712 859 1744 sensum
879 1711 1017 1744 saxea
1035 1697 1158 1744 facta
1178 1694 1307 1744 mali!

297 1757 401 1807 Vos
422 1775 601 1822 quoque
622 1760 788 1817 felices,
811 1777 1004 1823 quarum
1026 1762 1267 1809 clamantia
1284 1759 1473 1808 fratrem

362 1822 547 1874 Cortice
566 1827 737 1874 velavit
755 1828 948 1889 populus
970 1843 1049 1875 ora
1068 1825 1213 1874 novo!

257 1938 261 1945 Δ
297 1888 385 1937 Ille
406 1906 495 1954 ego
518 1907 632 1947 sum,
654 1892 832 1955 lignum
854 1894 932 1954 qui
955 1907 1048 1939 non
1070 1891 1280 1938 admittar
1299 1890 1348 1936 in
1370 1889 1519 1936 ullum
1534 1908 1551 1938 ε

361 1953 448 2003 Ille
469 1971 559 2019 ego
582 1972 696 2013 sum,
719 1955 885 2004 frustra
906 1958 983 2019 qui
1002 1958 1048 2005 la
1077 1956 1117 2003 is
1138 1970 1239 2003 esse
1259 1955 1413 2002 velim.

297 2018 406 2084 Ipsa
427 2020 626 2070 Medusa
647 2023 789 2070 oculis
810 2024 966 2070 veniat
983 2023 1095 2069 licet
1113 2021 1247 2068 obvia
1266 2021 1447 2075 nostris,

364 2085 562 2134 Amittat
583 2088 703 2133 vires
723 2089 821 2149 ipsa
842 2086 1041 2135 Medusa
1056 2100 1176 2133 suas.

300 2150 606 2206 Vivimuz'ut
626 2166 762 2198 sensu
784 2167 1029 2212 numquam
1052 2164 1284 2199 careamus
1304 2164 1479 2197 amaroz

357 2214 429 2265 Et
448 2216 634 2278 gravior
653 2213 796 2278 longa
813 2214 868 2261 fit
887 2232 991 2264 mea
1011 2231 1148 2280 poena
1166 2213 1309 2264 morfi-
1584 2219 1664 2265 40

299 2280 376 2330 sie
397 2281 733 2327 inconsumtum
750 2279 879 2342 Tityi
902 2296 1167 2344 semperque
1187 2294 1426 2328 renascens

363 2344 475 2392 Non
497 2347 626 2407 perit,
652 2350 703 2392 ut
723 2347 867 2408 possit
888 2361 1012 2409 saepe
1031 2346 1190 2409 perire,
1204 2347 1352 2409 jecur.

301 2409 373 2457 At
394 2416 517 2471 puto,
541 2407 646 2456 cum
667 2411 856 2473 requies,
878 2412 1187 2471 medicinaque
1206 2411 1385 2473 publica
1403 2422 1527 2456 curae

368 2473 567 2521 Somnus
588 2474 728 2531 adest,
751 2477 893 2523 solitis
915 2491 1011 2523 nox
1031 2477 1159 2523 venit
1179 2476 1287 2522 orba
1305 2474 1451 2522 malis.

304 2537 494 2586 Somnia
515 2553 594 2585 me
613 2545 785 2587 terrent
806 2556 943 2588 veros
964 2541 1186 2588 imitantia
1205 2555 1350 2596 casus,

363 2601 432 2649 Et
451 2600 644 2665 vigilant
665 2619 824 2652 sensus
846 2606 893 2652 in
913 2621 1019 2653 mea
1040 2607 1205 2652 damna
1220 2605 1327 2652 mei.

212 2706 217 2710 .
302 2667 403 2716 Aut
416 2682 508 2730 ego
527 2666 798 2716 Sarmaticas
820 2671 978 2718 videor
997 2672 1143 2718 vitare
1164 2670 1369 2733 sagittas,

366 2730 465 2783 Aut
472 2731 591 2782 ‘dare
610 2734 812 2799 captivas
832 2736 890 2784 ad
908 2734 1008 2789 fera
1027 2735 1179 2787 vincla
1192 2748 1381 2792 mamm
