1842 2966
224 210 233 217 ,
309 165 371 211 18
667 157 726 218 R
747 155 991 207 ovlml
1024 155 1324 209 NASONIS

305 291 483 346 Altera,
505 288 626 352 quod
645 286 783 352 porro
801 289 966 347 fuerat,
988 290 1207 339 cecinisse
1224 296 1435 353 putatur:

373 355 538 407 Altera
552 370 795 404 versurum
815 357 1057 419 postmodo
1078 356 1294 418 quidquid
1309 364 1421 405 erat.

312 419 552 472 Caunum
571 428 620 470 te
640 423 774 470 niveo
794 424 946 486 posuit
967 423 1049 469 lux
1069 421 1275 484 proxima
1294 421 1479 484 templo,

230 544 233 547 Δ
374 485 482 544 Qua
501 485 592 534 fert
613 488 826 535 sublimes
847 488 939 536 alta
955 486 1151 534 Moneta
1169 486 1338 548 gradus
1355 503 1368 533 z

306 549 454 601 Nunc
473 554 590 600 bene
609 554 853 617 prospicies
876 551 1071 606 Latiam,
1096 549 1366 606 Concordia,
1389 550 1595 600 turbant:
1641 607 1653 615 ,

374 618 517 668 Nunc
537 625 585 666 te
607 626 794 669 sacratae
816 615 1053 666 restituere
1071 631 1249 664 manus.
1551 622 1667 666 640

309 682 478 732 Furius
502 683 782 749 (antiquum)
804 683 958 745 populi
981 688 1213 744 superator
1235 679 1456 730 Hetrusci

377 750 598 807 voverat,
621 756 667 796 et
688 749 783 797 voti
806 746 1005 795 solverat
1025 743 1132 795 ante
1152 745 1302 794 fidem.

309 812 502 873 Caussa,
524 813 646 876 qued
665 811 693 860 a
715 813 926 860 Patribus
948 813 1109 860 sumtis
1130 818 1375 860 secesserat
1395 812 1533 860 armis
1635 870 1642 875 ,

244 882 253 885 “
375 880 589 943 Vulgus3
623 884 672 925 et
691 880 789 941 ipsa
809 894 914 926 suas
937 878 1091 926 Roma
1110 877 1297 925 timebat
1315 891 1442 940 opes»

313 943 491 996 Caussa
511 958 670 990 recens
692 944 881 991 melior:
920 959 1082 1006 passos
1105 942 1353 992 Germania
1372 943 1523 992 crines
1551 966 1558 972 ·

378 1009 579 1071 Porrigit
600 1009 822 1071 auspiciis,
856 1007 975 1057 Dux
994 1008 1264 1065 venerande,
1287 1009 1391 1056 tuis.

311 1074 428 1123 Inde
451 1074 738 1136 triumphatae
758 1071 906 1122 libasti
929 1089 1120 1122 munera
1138 1075 1320 1138 gentis;

377 1138 660 1200 Templaque
679 1139 839 1194 fecisti,
862 1155 998 1201 quam
1021 1140 1132 1187 colis
1152 1141 1269 1202 ipse,⁸
1287 1137 1425 1186 Deae.
1461 1178 1470 1185 ,

267 1216 270 1218 ’
312 1202 435 1253 Haec
457 1210 536 1252 tua
555 1204 790 1252 constituit
813 1204 1039 1252 Genetrix
1049 1211 1107 1252 et
1128 1206 1260 1252 rebus
1282 1211 1329 1252 et
1350 1203 1441 1260 arii,

379 1269 489 1318 Sola
508 1276 611 1317 toro
633 1271 789 1333 magni
813 1270 954 1334 digna
974 1276 1152 1335 reperta
1171 1267 1319 1319 Jovis.
1554 1262 1659 1319 650

313 1333 448 1384 Hac
470 1335 546 1382 ubi
567 1336 855 1394 transierint3
892 1334 1185 1399 Capricorno,
1205 1334 1393 1391 Phoebe,
1416 1333 1586 1392 relicto,
1611 1360 1620 1367 =

381 1398 475 1448 Per
485 1402 671 1463 juvenis
692 1416 846 1449 curres
867 1401 1000 1465 signa
1020 1401 1222 1465 gerentis
1243 1415 1419 1463 aquam.

314 1466 560 1517 San-mus
581 1467 687 1515 hinc
709 1467 876 1516 Oriens
896 1464 1002 1528 cum
1024 1482 1075 1516 se
1095 1466 1324 1515 demiserit
1344 1465 1490 1523 undiS,

382 1532 599 1595 Fulgebit
619 1539 716 1582 toto
729 1534 829 1596 jam
850 1531 983 1595 Lyra
1002 1533 1127 1581 nulla
1144 1533 1267 1595 polo.
1485 1539 1500 1554 ¹

317 1598 503 1649 Snus-‚ax
524 1600 581 1645 ab
600 1598 700 1654 hoc,
722 1598 845 1659 ignis
864 1598 1067 1645 venienti
1089 1604 1225 1644 nocte
1241 1596 1413 1645 Leonis

384 1663 482 1719 Qui
502 1663 640 1710 micat
660 1663 708 1709 in
729 1662 879 1709 medio
898 1669 1095 1724 pectore,
1117 1660 1295 1710 mersus
1314 1662 1414 1710 erit.

314 1726 431 1777 Tu.
448 1733 607 1790 quater
626 1727 777 1774 evolvi
799 1727 1033 1789 signantes
1052 1733 1258 1789 tempora
1279 1726 1477 1789 Fastos;

385 1791 491 1840 Nee
514 1791 778 1839 Sementiva
797 1798 868 1839 est
889 1791 983 1839 ulla
1006 1797 1184 1855 reperta
1204 1792 1325 1840 dies:

318 1854 441 1909 Cum
463 1856 588 1912 mihi,
609 1857 752 1904 sensit
770 1857 906 1912 enim,
931 1855 1042 1905 Lux
1061 1858 1161 1905 haec
1185 1858 1410 1914 indicitur,
1430 1859 1587 1921 iuquit,
1625 1883 1634 1890 -

385 1921 553 1971 Musa:
582 1922 690 1983 quid
711 1920 739 1969 a
760 1920 911 1970 Fastis
931 1938 1027 1971 non
1049 1929 1169 1971 stata
1188 1938 1316 1972 sacra
1334 1920 1491 1987 petis?
1556 1921 1660 1973 ὁδὶ)

319 1987 480 2050 thue
500 1988 597 2035 dies
615 1988 789 2035 ineerta
808 2001 950 2043 sacro,
974 1989 1040 2035 sic
1061 1994 1267 2052 tempora
1284 1996 1420 2046 certa,

387 2053 644 2102 Seminibus
653 2053 792 2115 jactis
813 2060 885 2100 est
906 2053 981 2100 ubi
1001 2053 1143 2102 foetus
1164 2068 1289 2118 ager.

320 2117 452 2169 state
473 2118 676 2166 coronati
696 2117 880 2180 plenum
902 2119 961 2166 ad
980 2134 1183 2182 praesepe
1193 2120 1411 2183 juvenci:

384 2179 512 2234 ,Cum
532 2182 684 2245 tepido
705 2189 906 2231 vestrum
929 2199 1038 2232 vere
1058 2185 1218 2232 redibit
1239 2200 1366 2248 opus.

319 2247 542 2298 Rusticus
563 2248 802 2310 emeritum
822 2248 926 2313 palo
948 2251 1193 2314 suspendat
1212 2258 1441 2299 aratrum:

385 2313 540 2362 Omne
561 2312 822 2361 reformidat
840 2314 1008 2378 frigida
1028 2316 1193 2363 vulnus
1213 2317 1394 2363 humus.

322 2376 502 2435 villice,
526 2378 584 2426 da
605 2380 805 2442 requiem
826 2386 975 2436 terrae,
999 2387 1204 2429 semente
1221 2377 1425 2444 peracti:

387 2443 471 2493 Da
490 2444 704 2505 requiem,
727 2451 894 2494 terram
916 2447 993 2507 qui
1014 2446 1207 2502 coluere,
1229 2446 1355 2494 viris.

325 2506 370 2556 P
505 2516 613 2572 agat
633 2508 828 2559 festum:
867 2525 1037 2574 pagum
1058 2510 1259 2567 lustrate,
1284 2509 1464 2567 coloni3
1586 2539 1591 2543 -

434 2579 454 2619 t
474 2573 578 2622 date
597 2576 788 2638 paganis
809 2591 962 2624 annua
979 2575 1069 2623 liba
1087 2574 1215 2624 focis.
1557 2577 1662 2624 670

323 2635 570 2689 Placentur
589 2648 755 2688 matres
774 2640 975 2703 frugum,
998 2639 1258 2703 Tellusque,
1284 2637 1527 2702 Ceresque,

389 2702 529 2766 Far-re
549 2720 648 2761 suo,
669 2706 874 2769 gravidae
895 2706 1231 2770 visceribusque
1252 2705 1359 2754 suis.
1604 2703 1627 2711 “
