1842 2966
382 154 476 201 140
715 148 771 199 P.
802 146 1036 199 OVIDII
1069 150 1366 232 NASOIJIIS

386 277 508 336 Neu,
534 295 657 338 cave,
681 281 906 339 defendas,
931 282 1137 344 quamvis
1157 283 1423 333 mordebere
1443 287 1610 339 dietis.

445 343 621 394 Caussa
638 348 886 411 patim-itio
908 360 1001 395 non
1021 347 1140 395 bona
1157 349 1285 411 pejor
1305 350 1406 398 erit.

377 408 595 460 Invenies
615 412 822 474 aliquem,
845 412 923 474 qui
944 428 1018 459 me
1041 413 1232 475 suspiret
1251 413 1502 473 ademtum‚

443 474 659 526 Carmina
678 494 764 525 nec
784 478 915 525 siccis
936 477 1139 540 perlegat
1157 479 1246 525 ista
1264 475 1427 541 g‘enise

377 539 447 591 Et
465 543 633 591 tacitus
650 558 816 599 secum,
840 557 901 589 ne
919 543 1024 604 quis
1042 543 1188 591 malus
1209 544 1374 600 audiat,
1396 553 1548 609 optat,

445 606 518 654 Sit
537 623 651 664 mea,
671 609 813 656 lenito
836 606 1033 662 Caesare,
1054 623 1193 669 poena
1211 609 1373 656 minor.
1668 623 1732 666 30

376 671 483 721 Nos
503 689 695 736 quoque,
718 673 918 734 quisquis
940 673 1038 725 erit,
1063 688 1122 719 ne
1135 673 1194 720 sit
1205 674 1344 721 miser
1357 675 1449 732 ille,
1462 693 1727 740 pree-mur,

444 736 655 786 Placatos
675 739 841 789 misero
860 738 938 798 qni
957 737 1081 784 volet
1102 752 1202 785 esse
1224 737 1382 786 Deos:

376 803 587 864 Quaeque
604 803 742 856 volet,
765 809 863 849 rata
882 802 1002 858 sint3
1025 803 1258 865 ablataque
1275 801 1504 868 Principis
1527 809 1603 859 ira

445 869 633 915 Sedibus
654 868 702 913 in
722 867 879 929 patriis
900 867 978 914 det
997 867 1107 913 mihi
1127 883 1262 930 posse
1282 871 1415 916 mori.

376 932 448 983 Ut
468 948 658 995 peragas
678 931 901 987 mandata,
923 928 1076 986 Liber,
1093 931 1329 994 culpabere
1347 933 1504 983 forsan
1518 954 1540 996 3

443 998 716 1061 Ingeniique
734 997 884 1044 minor
902 997 1036 1045 laude
1055 996 1201 1044 ferere
1220 999 1326 1045 mei.

372 1063 550 1117 Judicis
571 1061 773 1109 officium
791 1069 873 1118 est,
896 1068 949 1109 ut
969 1077 1056 1116 res,
1079 1062 1143 1110 ita
1160 1069 1366 1125 tempora
1384 1079 1546 1115 rerum

443 1129 679 1185 Quaerere.
715 1126 926 1183 Quaesito
946 1134 1150 1189 tempore
1169 1134 1296 1176 tutus
1317 1129 1423 1176 eris.
1485 1180 1492 1187 ,

376 1190 596 1246 car-nina
612 1189 887 1263 proveniunt
906 1193 1057 1240 animo
1079 1192 1270 1241 deducta
1290 1209 1484 1245 sereno:

441 1258 612 1323 Nubila
633 1265 738 1306 sunt
759 1258 916 1306 subitis
936 1264 1139 1322 tempora
1159 1265 1316 1307 nostra
1328 1259 1478 1309 malis.
1666 1270 1726 1316 4ο

380 1323 601 1375 Carmina
620 1338 847 1372 secessum
870 1323 1103 1371 scribentis
1125 1328 1173 1370 et
1194 1324 1288 1371 otia
1308 1332 1524 1386 quaerunt
1539 1346 1555 1378 a

344 1406 351 1415 ·
441 1390 529 1438 Me
548 1404 685 1446 mare,
708 1403 783 1437 me
797 1389 937 1443 venti,
960 1403 1034 1436 me
1053 1388 1150 1435 fera
1162 1389 1308 1453 jactat
1328 1390 1490 1441 hiems.

374 1453 666 1509 Carminibus
685 1463 835 1503 metus
855 1454 1004 1502 omnis
1024 1452 1177 1502 abest:
1218 1466 1307 1518 ego
1327 1454 1537 1519 perditui
1569 1476 1719 1513 em

445 1521 696 1571 Haesurum
709 1519 876 1584 jugulo
887 1521 987 1583 jam
1008 1526 1120 1581 puto
1126 1518 1313 1582 jamque
1333 1535 1455 1571 meo.

376 1587 501 1637 Haec
522 1582 843 1649 quoque’qudd
860 1584 992 1639 facio,
1006 1584 1152 1648 judex
1172 1583 1406 1634 mirabitur
1414 1599 1628 1654 ‘aequusg

443 1653 709 1715 Scriptaque
724 1665 828 1697 cum
848 1647 985 1696 venia
1004 1650 1348 1712 qualiacumque
1361 1651 1506 1715 leget.

372 1715 456 1770 Da
475 1718 584 1765 mihi
598 1715 879 1769 Maeoniden,
901 1720 950 1761 et
968 1720 1039 1761 tot
1058 1716 1353 1777 circumspice
1374 1731 1539 1779 casusg

445 1779 691 1845 Ingenium
714 1778 850 1828 tantis
871 1778 1051 1826 excidet
1071 1794 1207 1827 omne
1227 1780 1372 1829 malis.

376 1846 594 1909 Denique
616 1860 800 1894 securus
817 1844 967 1901 famae,
992 1842 1145 1901 Liber,
1166 1844 1233 1892 ire
1253 1853 1488 1898 manento
1498 1865 1520 1909 ς

442 1911 548 1961 Nec
569 1912 647 1960 tibi
669 1911 730 1959 sit
746 1912 867 1959 lecto
889 1909 1171 1973 displicuisse
1189 1911 1350 1974 pudor.
1377 1907 1382 1912 ’
1650 1921 1711 1968 5ο

372 1979 488 2029 Non
508 1979 574 2026 ita
594 1991 645 2025 se
664 1976 793 2024 nobis
812 1974 986 2038 praebet
1006 1971 1212 2024 Fortuna
1232 1976 1494 2037 secundam,
1590 2025 1598 2038 ,

438 2043 510 2093 Ut
530 2043 610 2091 tibi
633 2042 692 2090 sit
710 2040 825 2088 ratio
844 2039 990 2088 laudis
1008 2040 1212 2089 habenda
1231 2047 1339 2106 tuae.

372 2110 544 2161 Donec
559 2121 681 2154 eram
704 2120 869 2168 sospes,
893 2104 1014 2153 tituli
1035 2106 1252 2169 tangebas
1272 2122 1458 2168 amureg

436 2171 771 2234 Quaerendique
789 2170 900 2217 mihi
919 2171 1117 2219 nominis
1136 2170 1269 2219 ardor
1288 2180 1401 2221 erat.

373 2238 590 2291 Cannina
608 2251 730 2285 nunc
752 2235 791 2282 si
811 2248 903 2283 non
924 2235 1223 2297 studiumque,
1245 2239 1368 2299 quod
1388 2237 1550 2299 obfuit,
1574 2241 1660 2300 odi,

440 2304 514 2351 sit
533 2302 670 2350 satis:
696 2301 883 2363 ingenio
896 2302 962 2348 sic
1110 2308 1241 2363 parta
1260 2315 1379 2351 meo.

350 2367 401 2432 ,1
420 2375 585 2421 tamen,
607 2365 638 2421 i,
657 2380 741 2428 pro
761 2380 836 2412 me
855 2371 921 2420 tu,
945 2366 1016 2413 cui
1057 2366 1156 2420 ἀεὶ,
1180 2367 1361 2430 adspice
1379 2365 1601 2420 Romam.

404 2469 409 2476 ,
435 2431 506 2481 Di
523 2430 735 2485 facerent,
751 2443 932 2492 possem
952 2444 1073 2477 nunc
1094 2444 1224 2478 meus
1243 2446 1343 2480 esse
1361 2432 1489 2481 fiber.

370 2497 476 2546 Nec
495 2501 557 2550 te,
577 2492 700 2556 qudd
718 2496 875 2542 venias
893 2507 1108 2557 magnam
1118 2496 1385 2558 peregrinus
1403 2497 1453 2546 in
1478 2495 1665 2556 Urbem,

437 2559 655 2623 Ignotum
674 2559 840 2623 populo
858 2573 994 2621 posse
1014 2559 1169 2607 venire
1187 2567 1310 2622 puta.
1631 2569 1696 2614 σο

375 2624 448 2675 Ut
467 2623 599 2671 titulo
614 2638 779 2679 careas,
801 2624 900 2685 ipso
921 2620 1111 2688 noscere
1130 2623 1303 2672 colore:

435 2688 738 2739 Dissimulare
756 2688 884 2746 velis,
903 2694 953 2737 te
971 2689 1112 2749 liquet
1130 2701 1231 2738 esse
1248 2701 1420 2739 memn-

1791 278 1796 375 ae
