1842 2966
295 166 395 212 506
653 159 712 208 P.
745 156 980 207 ovmn
1012 155 1317 207 NASONIS

301 293 382 348 At,
405 290 443 338 si
456 287 577 339 forte
596 290 712 338 velis
733 291 782 337 in
803 305 888 336 nos
907 290 1148 350 inquirere,
1172 306 1312 337 nemo
1331 298 1427 349 est,

369 357 463 411 Qui
487 373 548 411 se,
571 357 693 418 quod
712 356 1238 418 patitur‚'commeruisse

301 422 447 478 Adde,
470 418 593 484 quod
613 422 861 468 exstinctos
881 421 957 467 vel
978 418 1107 480 aqua,
1123 420 1201 467 vel
1221 420 1401 481 Marte,
1426 424 1511 472 vel
1538 426 1660 490 igni,

366 487 511 534 Nulla
529 493 680 550 potest
699 487 862 532 iterum
879 486 1129 532 restituisse
1147 486 1258 534 dies.

302 550 527 601 Restituit
547 553 727 608 multos,
745 558 825 597 aut
844 565 999 612 poenae
1018 551 1334 612 psi-televavit

372 617 563 675 Caesar3
598 624 645 664 et
663 619 712 666 in
734 616 888 662 multis
909 631 985 662 me
1005 616 1118 662 velit
1137 631 1239 662 esse
1258 633 1447 677 precor.

309 683 388 730 An
411 690 473 738 tu,
499 682 604 731 cum
625 684 704 729 tali
724 682 917 744 populus
941 682 1024 728 sub
1039 679 1437 743 Principeffisimun,

372 748 603 809 Adloquio
623 746 804 810 profugi
826 746 973 792 credis
987 747 1137 793 inesse
1151 747 1352 793 metum?
1609 755 1675 799 4ο

310 813 523 861 Forsitan
546 816 645 860 haec
666 814 849 859 domino
871 810 1083 862 Busiride
1093 813 1202 873 jure
1221 812 1430 871 timeres,

376 879 476 927 Aut
497 879 632 926 solito
648 878 825 924 clausos
849 893 981 923 urere
1000 878 1049 922 in
1072 892 1164 923 aere
1178 877 1318 924 viros.

312 944 490 993 Desine
510 945 666 992 mitem
689 943 892 988 animum
910 957 1032 988 vano
1052 941 1272 989 infamare
1293 944 1478 992 timore.

381 1010 517 1056 Saeva
537 1008 646 1069 quid
667 1005 715 1053 in
731 1007 919 1067 placidis
940 1022 1052 1054 saxa
1071 1007 1241 1053 vereris
1263 1009 1430 1068 aquis?

311 1072 419 1139 Ipse
440 1090 541 1136 ego,
566 1069 689 1132 quod
707 1069 853 1134 primo
875 1073 1031 1134 scripsi
1053 1073 1152 1119 sine
1174 1073 1360 1121 nomine
1380 1076 1535 1133 vobis,

379 1138 477 1185 Vix
497 1138 705 1185 excusari
726 1153 861 1198 posse
881 1138 992 1183 mihi
1014 1138 1182 1184 videor.

316 1204 409 1252 Sed
429 1219 570 1265 pavor
588 1203 784 1250 attonito
803 1202 989 1250 rationis
1008 1203 1238 1249 ademerat
1257 1219 1395 1251 usum
1415 1221 1430 1250 ε

355 1267 593 1318 Cesserat
615 1284 752 1315 omne
771 1268 904 1315 novis
924 1268 1251 1329 consiliumque
1269 1269 1420 1318 malis.

222 1331 227 1338 ⁴
316 1334 658 1394 Fortunamque
679 1348 827 1380 meam
842 1339 1065 1387 metuens,
1090 1349 1182 1380 non
1203 1335 1396 1386 vindicis
1418 1337 1555 1395 iram,

380 1399 603 1448 Terrebat
624 1399 758 1446 titulo
778 1398 974 1445 nominis
994 1398 1099 1458 ipse
1111 1400 1217 1445 mei·
1604 1410 1667 1454 50

319 1464 561 1514 Hactenus
581 1465 837 1512 admonitus
858 1464 1049 1513 memori
1070 1465 1269 1512 concede
1287 1466 1452 1528 poetae,

386 1531 540 1579 Ponat
559 1537 611 1577 ut
631 1531 680 1577 in
701 1530 868 1576 chartis
888 1530 1075 1576 nomina
1095 1543 1203 1576 cars.
1219 1532 1331 1579 suis.

322 1595 482 1661 Turpe
503 1597 589 1643 erit
609 1596 837 1649 ambobus,
861 1594 1004 1655 longo
1025 1595 1134 1643 mihi
1155 1596 1390 1656 proximus
1414 1614 1511 1647 usu»

392 1661 442 1709 Si
463 1659 588 1708 nulla
600 1661 701 1706 libri
722 1666 850 1721 parte
868 1659 1026 1720 legare
1041 1660 1146 1706 mei.
1309 1680 1323 1692 ι

326 1726 404 1775 Ne
426 1734 578 1774 tamen
600 1726 687 1772 iste
706 1731 855 1772 metus
870 1739 1058 1772 somnos
1076 1725 1154 1771 tibi
1175 1741 1386 1788 rumpere
1405 1733 1579 1792 posa't3
1626 1774 1639 1779 ,

390 1791 504 1840 Non
525 1790 658 1846 ultre,
679 1787 815 1852 quem
837 1790 919 1844 vis,
945 1789 1172 1837 officiosus
1192 1806 1273 1838 ero
1287 1810 1300 1837 ι

326 1857 486 1920 Teque
508 1863 675 1920 tegam,
699 1857 775 1918 qui
798 1856 861 1902 sis
877 1872 893 1912 3
912 1856 1001 1901 nisi
1022 1852 1127 1902 cum
1148 1858 1405 1918 permiseris
1424 1861 1539 1923 ipse.

395 1921 604 1988 Cugetur
625 1938 760 1969 nemo
781 1936 947 1967 munus
969 1921 1132 1968 habere
1153 1936 1320 1970 meum.

327 1988 402 2037 Tu
420 1985 568 2044 modo,
591 2004 728 2050 quem
748 1994 930 2049 poteras
944 1985 1019 2031 vel
1038 1983 1194 2047 aperte
1215 1993 1342 2036 tutus
1360 2004 1530 2048 amare,

394 2053 445 2102 Si
461 2069 534 2104 res
554 2061 625 2102 est
644 2068 811 2115 anceps
830 2051 931 2107 ista,
952 2051 1146 2098 latenter
1166 2067 1282 2100 ama.
1603 2064 1669 2110 60

753 2243 1098 2293 EPISTOLA
1130 2245 1251 2295 VII.
1302 2256 1307 2263 ·

912 2389 1102 2424 mlcls·

337 2504 515 2552 Vinum
535 2502 647 2558 mihi
668 2490 831 2551 desunt
851 2505 1010 2552 eadem
1032 2512 1126 2554 tam
1149 2521 1272 2569 saepe
1293 2512 1485 2572 roganti,

398 2568 593 2630 Jamque
612 2568 752 2630 pudet
772 2584 913 2617 vanas
932 2569 1024 2618 fine
1044 2587 1197 2619 carere
1209 2587 1383 2634 preces.

338 2633 499 2681 Taedia
520 2633 742 2686 consimili
763 2633 861 2680 fieri
884 2635 942 2682 de
963 2637 1165 2684 cannine
1184 2637 1326 2693 vobis,

404 2698 617 2761 Quidque
635 2705 801 2762 petam,
824 2706 1014 2765 cunctos
1035 2702 1272 2753 edidicisse
1290 2717 1408 2753 reor.
