1842 2966
310 145 407 222 258
646 141 702 191 P.
737 140 973 190 ovum
1006 142 1308 194 NASONIS
1325 183 1334 188 .

320 270 474 329 Quam
495 269 616 321 male
639 289 690 321 se
709 280 899 336 praestet
918 275 1063 321 veteri
1088 271 1334 324 Graecinus
1355 278 1535 327 amieo.

381 337 495 387 Non
517 339 583 386 ita
603 346 712 388 sunt
729 339 838 387 fatis
859 340 1014 387 omnia
1034 356 1169 389 versa
1187 342 1318 389 meis.

742 533 1083 584 EPISTOLA
1117 493 1236 592 vu}
1304 502 1309 506 ’

828 680 1155 717 111me

322 794 518 844 erzu
537 811 623 859 pro
642 795 792 844 verbis
813 796 906 851 tibi,
931 795 1213 852 Messalline,
1235 797 1452 855 salutem

390 862 544 917 Quam
565 863 697 924 legis,
719 859 748 907 ὃ,
769 862 905 908 saevis
926 862 1076 910 attulit
1096 878 1240 923 usque
1262 864 1417 911 Getis.

323 924 506 974 Iudicat
524 935 755 982 auctorem
777 926 938 974 locus?
968 941 1044 982 an,
1067 928 1155 974 nisi
1177 929 1362 975 nomine
1384 929 1540 986 lecto,

393 990 517 1039 Haec
537 1007 613 1039 me
635 991 872 1038 Nasonem
894 993 1090 1039 scribere
1109 994 1246 1040 verba
1258 992 1407 1040 latet?

325 1055 501 1119 Ecquis
522 1058 571 1103 in
593 1063 798 1103 extremo
818 1058 994 1118 positus
1007 1061 1132 1119 jacet
1153 1058 1262 1104 orbe
1282 1066 1491 1116 tuorum,

394 1120 481 1168 Me
501 1129 654 1170 tamen
675 1129 882 1183 excepto,
905 1123 982 1184 qui
1003 1138 1163 1184 precor
1183 1138 1285 1170 esse
1306 1124 1449 1170 tuus?

326 1183 399 1248 Di
418 1187 579 1247 procul
600 1184 629 1233 a
648 1188 838 1242 cunctis,
862 1188 940 1249 qui
962 1194 1008 1234 te
1028 1195 1302 1235 venerantur
1323 1196 1620 1253 amantque,·

394 1248 553 1315 Hujus
574 1253 782 1299 notitiam
802 1253 956 1315 gentis
977 1253 1133 1311 abesse
1152 1253 1310 1300 velint.

326 1314 435 1366 Nos
457 1318 565 1364 satis
587 1325 659 1364 est
678 1318 798 1363 inter
818 1318 1013 1380 glaciem
1036 1315 1360 1380 Scythicasque
1382 1321 1604 1382 sagittas

397 1380 591 1430 Viveret
631 1383 669 1431 si
689 1383 784 1429 vita
806 1391 877 1429 est
897 1384 1057 1429 mortis
1079 1384 1281 1430 habenda
1301 1399 1467 1446 genus.
1639 1393 1697 1435 10

331 1445 438 1497 Nos
459 1454 636 1512 premat
657 1453 736 1495 aut
755 1448 874 1495 bello
895 1448 1043 1504 tellus,
1067 1455 1146 1496 aut
1165 1448 1337 1511 frigore
1359 1451 1580 1500 coelum:

396 1512 619 1575 Truxque
643 1514 788 1562 Getes
810 1514 961 1568 armis,
983 1515 1205 1575 grandine
1225 1514 1375 1577 pulset
1396 1516 1567 1567 hiems
1584 1537 1599 1568 ε

327 1577 436 1628 Nos
456 1580 618 1626 habeat
636 1579 779 1640 regio,
804 1594 888 1624 nec
908 1594 1047 1639 pomo
1069 1579 1195 1635 foeta,
1219 1594 1304 1627 nec
1325 1581 1429 1628 uvis
1441 1598 1459 1638 ;

368 1660 373 1667 ·
395 1643 463 1692 Et
485 1646 613 1706 cujus
635 1644 808 1690 nullum
832 1650 979 1689 cesset
1001 1645 1056 1690 ab
1076 1645 1208 1691 hoste
1228 1644 1360 1691 latus.

332 1708 502 1760 Cetera
523 1712 584 1756 sit
605 1723 761 1770 sospes
782 1707 1009 1755 cultorum
1031 1709 1164 1756 turba
1181 1715 1390 1765 tuorum;

398 1772 456 1821 In
480 1775 654 1835 quibus,
678 1780 729 1820 ut
747 1773 931 1836 populo,
952 1789 1057 1834 pars
1077 1789 1166 1836 ego
1186 1790 1326 1835 parva
1344 1774 1428 1822 fui.

329 1838 420 1890 Me
438 1840 669 1894 miserum,
694 1839 732 1885 si
753 1846 805 1885 tu
825 1839 977 1885 verbis
998 1838 1238 1886 offenderis
1259 1830 1384 1886 isti’s:

399 1903 593 1965 Nosque
614 1918 756 1966 negas
777 1900 870 1950 ulla
889 1912 1018 1964 parte
1036 1903 1178 1951 fuisse
1198 1903 1326 1952 tuos!

330 1969 479 2032 quue
501 1971 561 2016 sit
582 1975 633 2016 ut
652 1984 827 2024 verum,
850 1969 1042 2016 mentito
1060 1969 1301 2031 ignoscere
1320 1969 1477 2019 debes.

400 2035 486 2083 Nil
507 2035 647 2081 demit
666 2035 787 2081 laudi
809 2034 959 2095 gloria
977 2041 1134 2081 nostra
1154 2041 1263 2081 tuae.
1639 2045 1702 2088 20

334 2100 458 2156 Quis
479 2115 531 2147 sc
554 2096 812 2147 Caesaribus
834 2099 956 2145 notis
977 2114 1070 2146 non
1091 2098 1225 2161 fingit
1246 2099 1481 2148 amicum?

399 2164 483 2213 Da
500 2164 683 2211 veniam
703 2161 856 2219 fasso;
889 2171 941 2210 tu
963 2165 1073 2210 mihi
1095 2161 1259 2212 Caesar
1277 2165 1381 2212 eris.

328 2229 441 2280 Nec
462 2236 615 2276 tamen
636 2226 852 2288 irrumpo,
867 2225 962 2288 qud
982 2244 1076 2276 non
1095 2230 1204 2277 licet
1222 2230 1312 2276 ire:
1339 2229 1557 2294 satisque
1581 2244 1669 2291 est,

400 2292 535 2343 Atria
557 2291 594 2338 si
617 2291 745 2337 nobis
766 2293 1079 2354 non'patuisse
1100 2309 1257 2357 negas.

338 2360 501 2421 thue
521 2356 602 2402 tibi
622 2353 760 2402 fuerit
778 2371 960 2411 mecum
982 2359 1096 2404 nihil
1115 2359 1331 2421 amplius;
1366 2368 1466 2408 uno

359 2480 365 2487 ³
401 2422 586 2482 Nempe
607 2420 827 2475 salutaris,
850 2419 987 2482 quam
1007 2421 1143 2485 prids,
1167 2439 1247 2470 ore
1267 2423 1434 2472 mimis.

334 2488 442 2540 Nec
464 2493 571 2533 tuus
593 2493 663 2531 est
681 2487 863 2547 genitor
881 2502 968 2535 nos
986 2486 1211 2536 inficiatus
1231 2490 1418 2545 amico&

404 2550 632 2599 Hortator
654 2550 802 2606 studii,
827 2556 1089 2613 caussaque,
1111 2552 1281 2614 faxque
1301 2555 1409 2601 mei.

337 2615 431 2668 Cui
453 2630 538 2663 nos
559 2621 608 2661 et
626 2614 846 2671 lacrimas,
871 2632 1130 2680 supremum
1151 2619 1198 2665 in
1219 2617 1386 2667 fimare.
1400 2634 1450 2666 rn

403 2682 471 2732 Et
492 2679 697 2729 dedimus
708 2681 867 2729 medio
888 2683 1057 2745 scripta
1076 2683 1415 2759 canendafqm
1628 2691 1699 2736 30
