<?xml version="1.0" encoding="UTF-8"?>
<!DOCTYPE html PUBLIC "-//W3C//DTD XHTML 1.0 Transitional//EN"
    "http://www.w3.org/TR/xhtml1/DTD/xhtml1-transitional.dtd">
<html xmlns="http://www.w3.org/1999/xhtml" xml:lang="en" lang="en">
 <head>
  <title>
</title>
<meta http-equiv="Content-Type" content="text/html;charset=utf-8" />
  <meta name='ocr-system' content='tesseract 3.04.00' />
  <meta name='ocr-capabilities' content='ocr_page ocr_carea ocr_par ocr_line ocrx_word'/>
</head>
<body>
  <div class='ocr_page' id='page_1' title='image "./povidiinasoniso01caregoog_0022.png"; bbox 0 0 1842 2966; ppageno 0'>
   <div class='ocr_carea' id='block_1_1' title="bbox 328 134 1332 191">
    <p class='ocr_par' dir='ltr' id='par_1_1' title="bbox 328 134 1332 191">
     <span class='ocr_line' id='line_1_1' title="bbox 328 134 1332 191; baseline 0.004 -4"><span class='ocrx_word' id='word_1_1' title='bbox 328 141 398 187; x_wconf 68' lang='lat'><strong>12</strong></span> <span class='ocrx_word' id='word_1_2' title='bbox 673 137 732 189; x_wconf 83' lang='lat' dir='ltr'><strong>P.</strong></span> <span class='ocrx_word' id='word_1_3' title='bbox 763 136 998 188; x_wconf 79' lang='lat' dir='ltr'><strong>ovum</strong></span> <span class='ocrx_word' id='word_1_4' title='bbox 1019 134 1332 191; x_wconf 65' lang='lat' dir='ltr'><strong>‘NASONIS</strong></span> 
     </span>
    </p>
   </div>
   <div class='ocr_carea' id='block_1_2' title="bbox 325 268 1682 2752">
    <p class='ocr_par' dir='ltr' id='par_1_2' title="bbox 325 268 1682 2752">
     <span class='ocr_line' id='line_1_2' title="bbox 329 268 1534 332; baseline 0.003 -14"><span class='ocrx_word' id='word_1_5' title='bbox 329 268 419 318; x_wconf 77' lang='lat' dir='ltr'><strong>Illa</strong></span> <span class='ocrx_word' id='word_1_6' title='bbox 441 283 576 332; x_wconf 88' lang='lat' dir='ltr'><strong>super</strong></span> <span class='ocrx_word' id='word_1_7' title='bbox 597 284 724 318; x_wconf 84' lang='lat' dir='ltr'><strong>suras</strong></span> <span class='ocrx_word' id='word_1_8' title='bbox 744 271 945 319; x_wconf 85' lang='lat' dir='ltr'><strong>tunicam</strong></span> <span class='ocrx_word' id='word_1_9' title='bbox 957 271 1158 319; x_wconf 85' lang='lat' dir='ltr'><strong>:collecta</strong></span> <span class='ocrx_word' id='word_1_10' title='bbox 1176 272 1430 321; x_wconf 71' lang='lat' dir='ltr'><strong>ministrat:</strong></span> <span class='ocrx_word' id='word_1_11' title='bbox 1531 278 1534 283; x_wconf 90' lang='lat'>&#39;</span> 
     </span>
     <span class='ocr_line' id='line_1_3' title="bbox 395 334 1244 400; baseline 0.004 -18"><span class='ocrx_word' id='word_1_12' title='bbox 395 334 558 383; x_wconf 82' lang='lat' dir='ltr'><strong>Altera</strong></span> <span class='ocrx_word' id='word_1_13' title='bbox 577 334 751 383; x_wconf 85' lang='lat' dir='ltr'><strong>dissuto</strong></span> <span class='ocrx_word' id='word_1_14' title='bbox 771 345 931 400; x_wconf 88' lang='lat' dir='ltr'><strong>pectus</strong></span> <span class='ocrx_word' id='word_1_15' title='bbox 954 345 1107 400; x_wconf 80' lang='lat' dir='ltr'><strong>aperta</strong></span> <span class='ocrx_word' id='word_1_16' title='bbox 1127 338 1244 385; x_wconf 82' lang='lat' dir='ltr'><strong>sinu.</strong></span> 
     </span>
     <span class='ocr_line' id='line_1_4' title="bbox 330 399 1681 468; baseline 0.004 -20"><span class='ocrx_word' id='word_1_17' title='bbox 330 399 520 448; x_wconf 81' lang='lat' dir='ltr'><strong>Exserit</strong></span> <span class='ocrx_word' id='word_1_18' title='bbox 540 401 640 448; x_wconf 81' lang='lat' dir='ltr'><strong>haec</strong></span> <span class='ocrx_word' id='word_1_19' title='bbox 660 402 926 450; x_wconf 84' lang='lat' dir='ltr'><strong>humerum:</strong></span> <span class='ocrx_word' id='word_1_20' title='bbox 963 411 1139 450; x_wconf 83' lang='lat' dir='ltr'><strong>vestem</strong></span> <span class='ocrx_word' id='word_1_21' title='bbox 1161 403 1298 450; x_wconf 85' lang='lat' dir='ltr'><strong>trahit</strong></span> <span class='ocrx_word' id='word_1_22' title='bbox 1313 403 1389 450; x_wconf 90' lang='lat' dir='ltr'><strong>illa</strong></span> <span class='ocrx_word' id='word_1_23' title='bbox 1401 418 1484 468; x_wconf 85' lang='lat' dir='ltr'><strong>per</strong></span> <span class='ocrx_word' id='word_1_24' title='bbox 1497 403 1681 454; x_wconf 64' lang='lat' dir='ltr'><strong>herba.</strong></span> 
     </span>
     <span class='ocr_line' id='line_1_5' title="bbox 397 464 1681 530; baseline 0.005 -18"><span class='ocrx_word' id='word_1_25' title='bbox 397 464 658 529; x_wconf 88' lang='lat' dir='ltr'><strong>Impediunt</strong></span> <span class='ocrx_word' id='word_1_26' title='bbox 679 474 862 516; x_wconf 87' lang='lat' dir='ltr'><strong>teneros</strong></span> <span class='ocrx_word' id='word_1_27' title='bbox 882 468 1065 515; x_wconf 82' lang='lat' dir='ltr'><strong>vincula</strong></span> <span class='ocrx_word' id='word_1_28' title='bbox 1085 468 1211 515; x_wconf 82' lang='lat' dir='ltr'><strong>nulla</strong></span> <span class='ocrx_word' id='word_1_29' title='bbox 1228 468 1381 530; x_wconf 84' lang='lat' dir='ltr'><strong>pedes.</strong></span> <span class='ocrx_word' id='word_1_30' title='bbox 1573 474 1681 518; x_wconf 73' lang='lat'><strong>410</strong></span> 
     </span>
     <span class='ocr_line' id='line_1_6' title="bbox 332 529 1408 596; baseline 0.003 -18"><span class='ocrx_word' id='word_1_31' title='bbox 332 529 462 579; x_wconf 88' lang='lat' dir='ltr'><strong>Hinc</strong></span> <span class='ocrx_word' id='word_1_32' title='bbox 484 532 587 579; x_wconf 64' lang='lat' dir='ltr'><strong>015ae</strong></span> <span class='ocrx_word' id='word_1_33' title='bbox 609 533 785 594; x_wconf 76' lang='lat' dir='ltr'>Satyris</span> <span class='ocrx_word' id='word_1_34' title='bbox 801 533 1009 580; x_wconf 86' lang='lat' dir='ltr'><strong>incendia</strong></span> <span class='ocrx_word' id='word_1_35' title='bbox 1029 533 1156 579; x_wconf 76' lang='lat' dir='ltr'><strong>mitia</strong></span> <span class='ocrx_word' id='word_1_36' title='bbox 1173 534 1379 596; x_wconf 83' lang='lat' dir='ltr'><strong>praebent</strong></span> <span class='ocrx_word' id='word_1_37' title='bbox 1393 551 1408 581; x_wconf 66' lang='grc' dir='ltr'><strong>ι</strong></span> 
     </span>
     <span class='ocr_line' id='line_1_7' title="bbox 397 595 1378 663; baseline 0.001 -18"><span class='ocrx_word' id='word_1_38' title='bbox 397 595 512 645; x_wconf 87' lang='lat' dir='ltr'><strong>Pars</strong></span> <span class='ocrx_word' id='word_1_39' title='bbox 533 598 627 654; x_wconf 85' lang='lat' dir='ltr'><strong>tibi,</strong></span> <span class='ocrx_word' id='word_1_40' title='bbox 648 600 726 660; x_wconf 87' lang='lat' dir='ltr'><strong>qui</strong></span> <span class='ocrx_word' id='word_1_41' title='bbox 746 599 857 663; x_wconf 88' lang='lat' dir='ltr'><strong>pinu</strong></span> <span class='ocrx_word' id='word_1_42' title='bbox 877 604 1084 659; x_wconf 87' lang='lat' dir='ltr'><strong>tempora</strong></span> <span class='ocrx_word' id='word_1_43' title='bbox 1103 613 1222 645; x_wconf 85' lang='lat' dir='ltr'><strong>nexa</strong></span> <span class='ocrx_word' id='word_1_44' title='bbox 1241 599 1378 661; x_wconf 82' lang='lat' dir='ltr'><strong>geris.</strong></span> 
     </span>
     <span class='ocr_line' id='line_1_8' title="bbox 327 660 1513 725; baseline 0.001 -15"><span class='ocrx_word' id='word_1_45' title='bbox 327 660 402 711; x_wconf 86' lang='lat' dir='ltr'><strong>Te</strong></span> <span class='ocrx_word' id='word_1_46' title='bbox 422 679 615 725; x_wconf 82' lang='lat' dir='ltr'><strong>quoque,</strong></span> <span class='ocrx_word' id='word_1_47' title='bbox 636 665 926 711; x_wconf 85' lang='lat' dir='ltr'><strong>inexstinctae</strong></span> <span class='ocrx_word' id='word_1_48' title='bbox 949 663 1101 709; x_wconf 84' lang='lat' dir='ltr'>Silene</span> <span class='ocrx_word' id='word_1_49' title='bbox 1118 662 1326 720; x_wconf 88' lang='lat' dir='ltr'><strong>libidinis,</strong></span> <span class='ocrx_word' id='word_1_50' title='bbox 1349 669 1513 711; x_wconf 81' lang='lat' dir='ltr'><strong>urunt:</strong></span> 
     </span>
     <span class='ocr_line' id='line_1_9' title="bbox 395 726 1475 791; baseline 0 -15"><span class='ocrx_word' id='word_1_51' title='bbox 395 726 618 791; x_wconf 81' lang='lat' dir='ltr'><strong>Nequitia</strong></span> <span class='ocrx_word' id='word_1_52' title='bbox 636 736 720 783; x_wconf 82' lang='lat' dir='ltr'><strong>est,</strong></span> <span class='ocrx_word' id='word_1_53' title='bbox 742 743 845 789; x_wconf 90' lang='lat' dir='ltr'><strong>quae</strong></span> <span class='ocrx_word' id='word_1_54' title='bbox 866 734 915 774; x_wconf 88' lang='lat' dir='ltr'><strong>te</strong></span> <span class='ocrx_word' id='word_1_55' title='bbox 937 742 1029 774; x_wconf 91' lang='lat' dir='ltr'><strong>non</strong></span> <span class='ocrx_word' id='word_1_56' title='bbox 1052 728 1159 774; x_wconf 87' lang='lat' dir='ltr'><strong>sinit</strong></span> <span class='ocrx_word' id='word_1_57' title='bbox 1178 744 1281 775; x_wconf 90' lang='lat' dir='ltr'><strong>esse</strong></span> <span class='ocrx_word' id='word_1_58' title='bbox 1300 743 1475 776; x_wconf 76' lang='lat' dir='ltr'><strong>senem·</strong></span> 
     </span>
     <span class='ocr_line' id='line_1_10' title="bbox 327 791 1447 858; baseline -0.001 -16"><span class='ocrx_word' id='word_1_59' title='bbox 327 791 399 842; x_wconf 84' lang='lat' dir='ltr'><strong>At</strong></span> <span class='ocrx_word' id='word_1_60' title='bbox 420 795 566 850; x_wconf 88' lang='lat' dir='ltr'><strong>ruber,</strong></span> <span class='ocrx_word' id='word_1_61' title='bbox 590 795 825 841; x_wconf 84' lang='lat' dir='ltr'><strong>hortorum</strong></span> <span class='ocrx_word' id='word_1_62' title='bbox 846 793 985 841; x_wconf 84' lang='lat' dir='ltr'><strong>decus</strong></span> <span class='ocrx_word' id='word_1_63' title='bbox 1006 798 1054 840; x_wconf 83' lang='lat' dir='ltr'><strong>et</strong></span> <span class='ocrx_word' id='word_1_64' title='bbox 1073 793 1228 850; x_wconf 81' lang='lat' dir='ltr'><strong>tutela,</strong></span> <span class='ocrx_word' id='word_1_65' title='bbox 1253 791 1447 858; x_wconf 82' lang='lat' dir='ltr'><strong>Priapus</strong></span> 
     </span>
     <span class='ocr_line' id='line_1_11' title="bbox 393 856 1307 920; baseline -0.001 -13"><span class='ocrx_word' id='word_1_66' title='bbox 393 859 618 907; x_wconf 83' lang='lat' dir='ltr'><strong>Omnibus</strong></span> <span class='ocrx_word' id='word_1_67' title='bbox 638 873 699 905; x_wconf 86' lang='lat' dir='ltr'><strong>ex</strong></span> <span class='ocrx_word' id='word_1_68' title='bbox 713 858 807 905; x_wconf 84' lang='lat' dir='ltr'><strong>illis</strong></span> <span class='ocrx_word' id='word_1_69' title='bbox 828 856 998 906; x_wconf 85' lang='lat' dir='ltr'><strong>Lotide</strong></span> <span class='ocrx_word' id='word_1_70' title='bbox 1017 866 1174 920; x_wconf 83' lang='lat' dir='ltr'><strong>captus</strong></span> <span class='ocrx_word' id='word_1_71' title='bbox 1195 866 1307 906; x_wconf 82' lang='lat' dir='ltr'><strong>erat.</strong></span> 
     </span>
     <span class='ocr_line' id='line_1_12' title="bbox 329 921 1483 987; baseline -0.001 -15"><span class='ocrx_word' id='word_1_72' title='bbox 329 923 471 973; x_wconf 88' lang='lat' dir='ltr'><strong>Hanc</strong></span> <span class='ocrx_word' id='word_1_73' title='bbox 492 925 627 987; x_wconf 85' lang='lat' dir='ltr'><strong>cupit,</strong></span> <span class='ocrx_word' id='word_1_74' title='bbox 650 924 768 969; x_wconf 85' lang='lat' dir='ltr'><strong>hanc</strong></span> <span class='ocrx_word' id='word_1_75' title='bbox 789 930 945 986; x_wconf 82' lang='lat' dir='ltr'><strong>optat:</strong></span> <span class='ocrx_word' id='word_1_76' title='bbox 984 921 1081 971; x_wconf 57' lang='lat' dir='ltr'><strong>sola</strong></span> <span class='ocrx_word' id='word_1_77' title='bbox 1101 925 1296 985; x_wconf 75' lang='lat' dir='ltr'><strong>suspirat</strong></span> <span class='ocrx_word' id='word_1_78' title='bbox 1313 924 1363 970; x_wconf 88' lang='lat' dir='ltr'><strong>in</strong></span> <span class='ocrx_word' id='word_1_79' title='bbox 1385 921 1483 972; x_wconf 68' lang='lat' dir='ltr'><strong>illi:</strong></span> 
     </span>
     <span class='ocr_line' id='line_1_13' title="bbox 354 988 1349 1052; baseline 0 -16"><span class='ocrx_word' id='word_1_80' title='bbox 354 1008 357 1013; x_wconf 72' lang='grc'><strong><em>’</em></strong></span> <span class='ocrx_word' id='word_1_81' title='bbox 391 990 626 1052; x_wconf 78' lang='lat' dir='ltr'><strong>Signaque</strong></span> <span class='ocrx_word' id='word_1_82' title='bbox 646 988 724 1035; x_wconf 82' lang='lat' dir='ltr'><strong>dat</strong></span> <span class='ocrx_word' id='word_1_83' title='bbox 744 996 872 1044; x_wconf 85' lang='lat' dir='ltr'><strong>nutu,</strong></span> <span class='ocrx_word' id='word_1_84' title='bbox 895 990 1193 1050; x_wconf 77' lang='lat' dir='ltr'><strong>sollicitatque</strong></span> <span class='ocrx_word' id='word_1_85' title='bbox 1213 990 1349 1037; x_wconf 79' lang='lat' dir='ltr'><strong>notis.</strong></span> 
     </span>
     <span class='ocr_line' id='line_1_14' title="bbox 329 1053 1652 1117; baseline 0.001 -15"><span class='ocrx_word' id='word_1_86' title='bbox 329 1053 496 1102; x_wconf 84' lang='lat' dir='ltr'><strong>Fastus</strong></span> <span class='ocrx_word' id='word_1_87' title='bbox 516 1055 637 1100; x_wconf 86' lang='lat' dir='ltr'><strong>inest</strong></span> <span class='ocrx_word' id='word_1_88' title='bbox 657 1053 867 1115; x_wconf 82' lang='lat' dir='ltr'><strong>pulchris,</strong></span> <span class='ocrx_word' id='word_1_89' title='bbox 894 1056 1184 1116; x_wconf 83' lang='lat' dir='ltr'><strong>sequiturque</strong></span> <span class='ocrx_word' id='word_1_90' title='bbox 1206 1055 1412 1117; x_wconf 82' lang='lat' dir='ltr'><strong>superbia</strong></span> <span class='ocrx_word' id='word_1_91' title='bbox 1431 1053 1652 1103; x_wconf 71' lang='lat' dir='ltr'><strong>formant</strong></span> 
     </span>
     <span class='ocr_line' id='line_1_15' title="bbox 394 1117 1677 1181; baseline 0.003 -16"><span class='ocrx_word' id='word_1_92' title='bbox 394 1117 586 1166; x_wconf 85' lang='lat' dir='ltr'><strong>Irrisum</strong></span> <span class='ocrx_word' id='word_1_93' title='bbox 606 1119 738 1166; x_wconf 84' lang='lat' dir='ltr'><strong>vultu</strong></span> <span class='ocrx_word' id='word_1_94' title='bbox 760 1119 949 1181; x_wconf 82' lang='lat' dir='ltr'><strong>despicit</strong></span> <span class='ocrx_word' id='word_1_95' title='bbox 966 1119 1045 1167; x_wconf 76' lang='lat' dir='ltr'><strong>illa</strong></span> <span class='ocrx_word' id='word_1_96' title='bbox 1065 1136 1164 1168; x_wconf 85' lang='lat' dir='ltr'><strong>suo.</strong></span> <span class='ocrx_word' id='word_1_97' title='bbox 1573 1125 1677 1170; x_wconf 72' lang='lat'><strong>420</strong></span> 
     </span>
     <span class='ocr_line' id='line_1_16' title="bbox 327 1182 1496 1249; baseline 0.002 -17"><span class='ocrx_word' id='word_1_98' title='bbox 327 1182 441 1232; x_wconf 89' lang='lat' dir='ltr'><strong>Nox</strong></span> <span class='ocrx_word' id='word_1_99' title='bbox 462 1191 582 1231; x_wconf 64' lang='lat' dir='ltr'><strong>erati</strong></span> <span class='ocrx_word' id='word_1_100' title='bbox 621 1191 680 1238; x_wconf 87' lang='lat' dir='ltr'><strong>et,</strong></span> <span class='ocrx_word' id='word_1_101' title='bbox 702 1185 812 1231; x_wconf 86' lang='lat' dir='ltr'><strong>vino</strong></span> <span class='ocrx_word' id='word_1_102' title='bbox 834 1200 1043 1232; x_wconf 87' lang='lat' dir='ltr'><strong>somnum</strong></span> <span class='ocrx_word' id='word_1_103' title='bbox 1064 1185 1270 1240; x_wconf 80' lang='lat' dir='ltr'><strong>faciente,</strong></span> <span class='ocrx_word' id='word_1_104' title='bbox 1283 1185 1496 1249; x_wconf 71' lang='lat' dir='ltr'><strong>jacebant</strong></span> 
     </span>
     <span class='ocr_line' id='line_1_17' title="bbox 332 1247 1300 1314; baseline 0 -16"><span class='ocrx_word' id='word_1_105' title='bbox 332 1250 337 1253; x_wconf 21' lang='grc' dir='ltr'><strong>Δ</strong></span> <span class='ocrx_word' id='word_1_106' title='bbox 396 1247 615 1313; x_wconf 76' lang='lat' dir='ltr'>Corpora,</span> <span class='ocrx_word' id='word_1_107' title='bbox 639 1250 827 1299; x_wconf 86' lang='lat' dir='ltr'><strong>diversis</strong></span> <span class='ocrx_word' id='word_1_108' title='bbox 845 1251 970 1297; x_wconf 84' lang='lat' dir='ltr'><strong>victa</strong></span> <span class='ocrx_word' id='word_1_109' title='bbox 991 1267 1151 1314; x_wconf 87' lang='lat' dir='ltr'><strong>sopore</strong></span> <span class='ocrx_word' id='word_1_110' title='bbox 1170 1250 1300 1298; x_wconf 85' lang='lat' dir='ltr'><strong>locis.</strong></span> 
     </span>
     <span class='ocr_line' id='line_1_18' title="bbox 332 1311 1409 1373; baseline 0.001 -10"><span class='ocrx_word' id='word_1_111' title='bbox 332 1311 467 1363; x_wconf 87' lang='lat' dir='ltr'><strong>Lotis</strong></span> <span class='ocrx_word' id='word_1_112' title='bbox 487 1315 534 1361; x_wconf 89' lang='lat' dir='ltr'><strong>in</strong></span> <span class='ocrx_word' id='word_1_113' title='bbox 557 1313 759 1372; x_wconf 56' lang='lat' dir='ltr'><strong>herbosi,</strong></span> <span class='ocrx_word' id='word_1_114' title='bbox 783 1316 867 1363; x_wconf 85' lang='lat' dir='ltr'><strong>sub</strong></span> <span class='ocrx_word' id='word_1_115' title='bbox 885 1316 1061 1363; x_wconf 82' lang='lat' dir='ltr'><strong>acernis</strong></span> <span class='ocrx_word' id='word_1_116' title='bbox 1082 1316 1241 1363; x_wconf 85' lang='lat' dir='ltr'><strong>ultima</strong></span> <span class='ocrx_word' id='word_1_117' title='bbox 1261 1317 1409 1373; x_wconf 85' lang='lat' dir='ltr'><strong>ramis,</strong></span> 
     </span>
     <span class='ocr_line' id='line_1_19' title="bbox 395 1379 1286 1442; baseline 0.001 -14"><span class='ocrx_word' id='word_1_118' title='bbox 395 1379 526 1428; x_wconf 86' lang='lat' dir='ltr'><strong>Sicut</strong></span> <span class='ocrx_word' id='word_1_119' title='bbox 546 1388 644 1429; x_wconf 86' lang='lat' dir='ltr'><strong>erat</strong></span> <span class='ocrx_word' id='word_1_120' title='bbox 662 1381 766 1429; x_wconf 88' lang='lat' dir='ltr'><strong>lusu</strong></span> <span class='ocrx_word' id='word_1_121' title='bbox 786 1381 919 1436; x_wconf 78' lang='lat' dir='ltr'><strong>fessa,</strong></span> <span class='ocrx_word' id='word_1_122' title='bbox 938 1382 1110 1442; x_wconf 85' lang='lat' dir='ltr'><strong>quievit</strong></span> <span class='ocrx_word' id='word_1_123' title='bbox 1129 1382 1286 1429; x_wconf 78' lang='lat' dir='ltr'><strong>humo·</strong></span> 
     </span>
     <span class='ocr_line' id='line_1_20' title="bbox 330 1445 1609 1511; baseline -0.001 -15"><span class='ocrx_word' id='word_1_124' title='bbox 330 1445 492 1510; x_wconf 79' lang='lat' dir='ltr'><strong>Surgit</strong></span> <span class='ocrx_word' id='word_1_125' title='bbox 512 1461 694 1496; x_wconf 80' lang='lat' dir='ltr'><strong>amans:</strong></span> <span class='ocrx_word' id='word_1_126' title='bbox 734 1447 1021 1509; x_wconf 81' lang='lat' dir='ltr'><strong>animamque</strong></span> <span class='ocrx_word' id='word_1_127' title='bbox 1042 1454 1215 1504; x_wconf 87' lang='lat' dir='ltr'><strong>tenens,</strong></span> <span class='ocrx_word' id='word_1_128' title='bbox 1237 1447 1434 1511; x_wconf 80' lang='lat' dir='ltr'><strong>vestigia</strong></span> <span class='ocrx_word' id='word_1_129' title='bbox 1450 1445 1609 1497; x_wconf 81' lang='lat' dir='ltr'><strong>furtim</strong></span> 
     </span>
     <span class='ocr_line' id='line_1_21' title="bbox 396 1512 1335 1580; baseline -0.001 -19"><span class='ocrx_word' id='word_1_130' title='bbox 396 1512 626 1576; x_wconf 84' lang='lat' dir='ltr'><strong>Suspenso</strong></span> <span class='ocrx_word' id='word_1_131' title='bbox 648 1514 801 1580; x_wconf 83' lang='lat' dir='ltr'><strong>digitis</strong></span> <span class='ocrx_word' id='word_1_132' title='bbox 821 1514 911 1561; x_wconf 87' lang='lat' dir='ltr'><strong>fert</strong></span> <span class='ocrx_word' id='word_1_133' title='bbox 933 1514 1156 1561; x_wconf 84' lang='lat' dir='ltr'><strong>taciturna</strong></span> <span class='ocrx_word' id='word_1_134' title='bbox 1175 1515 1335 1575; x_wconf 72' lang='lat' dir='ltr'><strong>gradu.</strong></span> 
     </span>
     <span class='ocr_line' id='line_1_22' title="bbox 330 1577 1411 1642; baseline 0 -16"><span class='ocrx_word' id='word_1_135' title='bbox 330 1577 402 1626; x_wconf 91' lang='lat' dir='ltr'><strong>Ut</strong></span> <span class='ocrx_word' id='word_1_136' title='bbox 423 1579 576 1642; x_wconf 81' lang='lat' dir='ltr'><strong>tetigit</strong></span> <span class='ocrx_word' id='word_1_137' title='bbox 596 1579 745 1627; x_wconf 82' lang='lat' dir='ltr'><strong>niveae</strong></span> <span class='ocrx_word' id='word_1_138' title='bbox 766 1584 940 1626; x_wconf 82' lang='lat' dir='ltr'><strong>secreta</strong></span> <span class='ocrx_word' id='word_1_139' title='bbox 961 1579 1123 1626; x_wconf 88' lang='lat' dir='ltr'><strong>cubilia</strong></span> <span class='ocrx_word' id='word_1_140' title='bbox 1143 1578 1411 1641; x_wconf 78' lang='lat' dir='ltr'><strong>Nympbae3</strong></span> 
     </span>
     <span class='ocr_line' id='line_1_23' title="bbox 396 1642 1296 1705; baseline 0.001 -15"><span class='ocrx_word' id='word_1_141' title='bbox 396 1642 506 1705; x_wconf 87' lang='lat' dir='ltr'><strong>Ipsa</strong></span> <span class='ocrx_word' id='word_1_142' title='bbox 527 1645 596 1690; x_wconf 88' lang='lat' dir='ltr'><strong>sui</strong></span> <span class='ocrx_word' id='word_1_143' title='bbox 617 1643 753 1690; x_wconf 70' lang='lat' dir='ltr'><strong>flatus</strong></span> <span class='ocrx_word' id='word_1_144' title='bbox 774 1658 834 1689; x_wconf 91' lang='lat' dir='ltr'><strong>ne</strong></span> <span class='ocrx_word' id='word_1_145' title='bbox 855 1650 990 1690; x_wconf 87' lang='lat' dir='ltr'><strong>sonet</strong></span> <span class='ocrx_word' id='word_1_146' title='bbox 1009 1657 1129 1697; x_wconf 78' lang='lat' dir='ltr'><strong>aura,</strong></span> <span class='ocrx_word' id='word_1_147' title='bbox 1152 1652 1296 1691; x_wconf 85' lang='lat' dir='ltr'><strong>cavet.</strong></span> 
     </span>
     <span class='ocr_line' id='line_1_24' title="bbox 327 1705 1356 1768; baseline 0.001 -12"><span class='ocrx_word' id='word_1_148' title='bbox 327 1705 396 1757; x_wconf 82' lang='lat' dir='ltr'><strong>Et</strong></span> <span class='ocrx_word' id='word_1_149' title='bbox 416 1709 505 1755; x_wconf 86' lang='lat' dir='ltr'><strong>‘am</strong></span> <span class='ocrx_word' id='word_1_150' title='bbox 527 1707 717 1754; x_wconf 64' lang='lat' dir='ltr'><strong>finitima</strong></span> <span class='ocrx_word' id='word_1_151' title='bbox 737 1722 902 1768; x_wconf 85' lang='lat' dir='ltr'><strong>eorpus</strong></span> <span class='ocrx_word' id='word_1_152' title='bbox 920 1708 1108 1754; x_wconf 82' lang='lat' dir='ltr'><strong>librabat</strong></span> <span class='ocrx_word' id='word_1_153' title='bbox 1126 1709 1175 1754; x_wconf 87' lang='lat' dir='ltr'><strong>in</strong></span> <span class='ocrx_word' id='word_1_154' title='bbox 1196 1706 1356 1757; x_wconf 63' lang='lat' dir='ltr'><strong>berbi:</strong></span> 
     </span>
     <span class='ocr_line' id='line_1_25' title="bbox 438 1772 1677 1835; baseline 0.003 -16"><span class='ocrx_word' id='word_1_155' title='bbox 438 1773 484 1819; x_wconf 85' lang='lat' dir='ltr'><strong>la</strong></span> <span class='ocrx_word' id='word_1_156' title='bbox 504 1779 656 1820; x_wconf 82' lang='lat' dir='ltr'><strong>tamen</strong></span> <span class='ocrx_word' id='word_1_157' title='bbox 678 1773 810 1819; x_wconf 88' lang='lat' dir='ltr'><strong>multi</strong></span> <span class='ocrx_word' id='word_1_158' title='bbox 830 1772 966 1834; x_wconf 87' lang='lat' dir='ltr'><strong>plena</strong></span> <span class='ocrx_word' id='word_1_159' title='bbox 987 1772 1160 1835; x_wconf 88' lang='lat' dir='ltr'><strong>soporis</strong></span> <span class='ocrx_word' id='word_1_160' title='bbox 1181 1781 1292 1822; x_wconf 82' lang='lat' dir='ltr'><strong>erat.</strong></span> <span class='ocrx_word' id='word_1_161' title='bbox 1572 1777 1677 1823; x_wconf 71' lang='lat'><strong>430</strong></span> 
     </span>
     <span class='ocr_line' id='line_1_26' title="bbox 329 1834 1480 1900; baseline 0.001 -13"><span class='ocrx_word' id='word_1_162' title='bbox 329 1838 540 1887; x_wconf 80' lang='lat' dir='ltr'><strong>Gaudet:</strong></span> <span class='ocrx_word' id='word_1_163' title='bbox 570 1844 640 1891; x_wconf 87' lang='lat' dir='ltr'><strong>.et,</strong></span> <span class='ocrx_word' id='word_1_164' title='bbox 662 1834 691 1884; x_wconf 64' lang='grc' dir='ltr'>ὲ</span> <span class='ocrx_word' id='word_1_165' title='bbox 708 1837 894 1900; x_wconf 84' lang='lat' dir='ltr'><strong>pedibus</strong></span> <span class='ocrx_word' id='word_1_166' title='bbox 914 1844 1061 1885; x_wconf 86' lang='lat' dir='ltr'><strong>tracto</strong></span> <span class='ocrx_word' id='word_1_167' title='bbox 1080 1838 1319 1896; x_wconf 84' lang='lat' dir='ltr'><strong>velamine,</strong></span> <span class='ocrx_word' id='word_1_168' title='bbox 1342 1844 1450 1888; x_wconf 76' lang='lat' dir='ltr'><strong>vota</strong></span> <span class='ocrx_word' id='word_1_169' title='bbox 1473 1845 1480 1848; x_wconf 87' lang='grc'><em>“</em></span> 
     </span>
     <span class='ocr_line' id='line_1_27' title="bbox 393 1901 1215 1965; baseline 0.001 -15"><span class='ocrx_word' id='word_1_170' title='bbox 393 1903 472 1950; x_wconf 86' lang='lat' dir='ltr'><strong>Ad</strong></span> <span class='ocrx_word' id='word_1_171' title='bbox 493 1917 577 1950; x_wconf 87' lang='lat' dir='ltr'><strong>sua</strong></span> <span class='ocrx_word' id='word_1_172' title='bbox 595 1901 715 1950; x_wconf 81' lang='lat' dir='ltr'><strong>felici</strong></span> <span class='ocrx_word' id='word_1_173' title='bbox 735 1910 937 1965; x_wconf 83' lang='lat' dir='ltr'><strong>coeperat</strong></span> <span class='ocrx_word' id='word_1_174' title='bbox 954 1903 1021 1950; x_wconf 90' lang='lat' dir='ltr'><strong>ire</strong></span> <span class='ocrx_word' id='word_1_175' title='bbox 1039 1903 1129 1950; x_wconf 68' lang='lat' dir='ltr'><strong>via.</strong></span> <span class='ocrx_word' id='word_1_176' title='bbox 1207 1915 1215 1928; x_wconf 79' lang='grc'><em>·</em></span> 
     </span>
     <span class='ocr_line' id='line_1_28' title="bbox 326 1966 1326 2018; baseline 0 0"><span class='ocrx_word' id='word_1_177' title='bbox 326 1966 455 2018; x_wconf 79' lang='lat' dir='ltr'><strong>Ecce</strong></span> <span class='ocrx_word' id='word_1_178' title='bbox 476 1967 641 2015; x_wconf 89' lang='lat' dir='ltr'><strong>rudens</strong></span> <span class='ocrx_word' id='word_1_179' title='bbox 662 1983 797 2016; x_wconf 82' lang='lat' dir='ltr'><strong>rauco</strong></span> <span class='ocrx_word' id='word_1_180' title='bbox 820 1968 962 2016; x_wconf 89' lang='lat' dir='ltr'><strong>Sileni</strong></span> <span class='ocrx_word' id='word_1_181' title='bbox 983 1976 1141 2016; x_wconf 81' lang='lat' dir='ltr'><strong>vector</strong></span> <span class='ocrx_word' id='word_1_182' title='bbox 1160 1970 1326 2018; x_wconf 82' lang='lat' dir='ltr'><strong>asellus</strong></span> 
     </span>
     <span class='ocr_line' id='line_1_29' title="bbox 395 2031 1181 2095; baseline 0.001 -15"><span class='ocrx_word' id='word_1_183' title='bbox 395 2031 749 2095; x_wconf 83' lang='lat' dir='ltr'><strong>Intempestivos</strong></span> <span class='ocrx_word' id='word_1_184' title='bbox 769 2034 908 2079; x_wconf 85' lang='lat' dir='ltr'><strong>edidit</strong></span> <span class='ocrx_word' id='word_1_185' title='bbox 928 2049 1008 2080; x_wconf 84' lang='lat' dir='ltr'><strong>ore</strong></span> <span class='ocrx_word' id='word_1_186' title='bbox 1030 2049 1181 2082; x_wconf 87' lang='lat' dir='ltr'><strong>sonos.</strong></span> 
     </span>
     <span class='ocr_line' id='line_1_30' title="bbox 325 2096 1614 2164; baseline 0.001 -17"><span class='ocrx_word' id='word_1_187' title='bbox 325 2096 511 2147; x_wconf 83' lang='lat' dir='ltr'><strong>Territa</strong></span> <span class='ocrx_word' id='word_1_188' title='bbox 527 2113 809 2161; x_wconf 85' lang='lat' dir='ltr'><strong>consurgens</strong></span> <span class='ocrx_word' id='word_1_189' title='bbox 831 2097 1050 2161; x_wconf 83' lang='lat' dir='ltr'><strong>Nymphe</strong></span> <span class='ocrx_word' id='word_1_190' title='bbox 1072 2100 1368 2162; x_wconf 81' lang='lat' dir='ltr'><strong>manibusque</strong></span> <span class='ocrx_word' id='word_1_191' title='bbox 1389 2098 1614 2164; x_wconf 81' lang='lat' dir='ltr'><strong>Priapum·</strong></span> 
     </span>
     <span class='ocr_line' id='line_1_31' title="bbox 393 2162 1413 2228; baseline 0.002 -16"><span class='ocrx_word' id='word_1_192' title='bbox 393 2162 575 2228; x_wconf 83' lang='lat' dir='ltr'><strong>Rejicit,</strong></span> <span class='ocrx_word' id='word_1_193' title='bbox 598 2171 647 2211; x_wconf 88' lang='lat' dir='ltr'><strong>et</strong></span> <span class='ocrx_word' id='word_1_194' title='bbox 663 2163 845 2227; x_wconf 83' lang='lat' dir='ltr'><strong>fugiens</strong></span> <span class='ocrx_word' id='word_1_195' title='bbox 865 2166 1066 2212; x_wconf 83' lang='lat' dir='ltr'><strong>concitat</strong></span> <span class='ocrx_word' id='word_1_196' title='bbox 1085 2180 1221 2213; x_wconf 88' lang='lat' dir='ltr'><strong>omne</strong></span> <span class='ocrx_word' id='word_1_197' title='bbox 1237 2180 1413 2214; x_wconf 77' lang='lat' dir='ltr'><strong>nemus.</strong></span> 
     </span>
     <span class='ocr_line' id='line_1_32' title="bbox 329 2226 1576 2295; baseline 0 -16"><span class='ocrx_word' id='word_1_198' title='bbox 329 2227 400 2279; x_wconf 83' lang='lat' dir='ltr'><strong>At</strong></span> <span class='ocrx_word' id='word_1_199' title='bbox 421 2226 568 2282; x_wconf 86' lang='lat' dir='ltr'><strong>Deus,</strong></span> <span class='ocrx_word' id='word_1_200' title='bbox 591 2226 802 2276; x_wconf 61' lang='lat' dir='ltr'><strong>obscaenfi</strong></span> <span class='ocrx_word' id='word_1_201' title='bbox 820 2227 1010 2278; x_wconf 71' lang='lat' dir='ltr'><strong>nimium</strong></span> <span class='ocrx_word' id='word_1_202' title='bbox 1030 2245 1211 2292; x_wconf 90' lang='lat' dir='ltr'><strong>quoque</strong></span> <span class='ocrx_word' id='word_1_203' title='bbox 1228 2238 1357 2294; x_wconf 79' lang='lat' dir='ltr'><strong>parte</strong></span> <span class='ocrx_word' id='word_1_204' title='bbox 1375 2236 1576 2295; x_wconf 68' lang='lat' dir='ltr'><strong>paratus,</strong></span> 
     </span>
     <span class='ocr_line' id='line_1_33' title="bbox 389 2292 1330 2344; baseline 0.002 -2"><span class='ocrx_word' id='word_1_205' title='bbox 389 2292 619 2342; x_wconf 86' lang='lat' dir='ltr'><strong>Omnibus</strong></span> <span class='ocrx_word' id='word_1_206' title='bbox 636 2295 696 2342; x_wconf 86' lang='lat' dir='ltr'><strong>ad</strong></span> <span class='ocrx_word' id='word_1_207' title='bbox 717 2293 867 2342; x_wconf 83' lang='lat' dir='ltr'><strong>Lunae</strong></span> <span class='ocrx_word' id='word_1_208' title='bbox 885 2295 1060 2342; x_wconf 89' lang='lat' dir='ltr'><strong>lumina</strong></span> <span class='ocrx_word' id='word_1_209' title='bbox 1079 2296 1196 2343; x_wconf 87' lang='lat' dir='ltr'><strong>risus</strong></span> <span class='ocrx_word' id='word_1_210' title='bbox 1218 2303 1330 2344; x_wconf 81' lang='lat' dir='ltr'><strong>erat.</strong></span> 
     </span>
     <span class='ocr_line' id='line_1_34' title="bbox 328 2358 1542 2421; baseline 0.003 -14"><span class='ocrx_word' id='word_1_211' title='bbox 328 2358 488 2407; x_wconf 85' lang='lat' dir='ltr'><strong>Morte</strong></span> <span class='ocrx_word' id='word_1_212' title='bbox 507 2359 629 2406; x_wconf 88' lang='lat' dir='ltr'><strong>dedit</strong></span> <span class='ocrx_word' id='word_1_213' title='bbox 648 2373 808 2421; x_wconf 82' lang='lat' dir='ltr'><strong>poenas</strong></span> <span class='ocrx_word' id='word_1_214' title='bbox 828 2366 987 2407; x_wconf 87' lang='lat' dir='ltr'><strong>auctor</strong></span> <span class='ocrx_word' id='word_1_215' title='bbox 1006 2361 1236 2408; x_wconf 81' lang='lat' dir='ltr'><strong>clamoris:</strong></span> <span class='ocrx_word' id='word_1_216' title='bbox 1273 2368 1322 2408; x_wconf 85' lang='lat' dir='ltr'><strong>et</strong></span> <span class='ocrx_word' id='word_1_217' title='bbox 1342 2362 1449 2411; x_wconf 82' lang='lat' dir='ltr'><strong>hine</strong></span> <span class='ocrx_word' id='word_1_218' title='bbox 1465 2367 1542 2411; x_wconf 72' lang='lat' dir='ltr'><strong>eut</strong></span> 
     </span>
     <span class='ocr_line' id='line_1_35' title="bbox 395 2422 1682 2487; baseline 0.002 -16"><span class='ocrx_word' id='word_1_219' title='bbox 395 2422 766 2486; x_wconf 80' lang='lat' dir='ltr'><strong>Hellespontiaco</strong></span> <span class='ocrx_word' id='word_1_220' title='bbox 784 2425 971 2471; x_wconf 82' lang='lat' dir='ltr'><strong>victima</strong></span> <span class='ocrx_word' id='word_1_221' title='bbox 988 2431 1121 2487; x_wconf 85' lang='lat' dir='ltr'><strong>grata</strong></span> <span class='ocrx_word' id='word_1_222' title='bbox 1140 2424 1265 2473; x_wconf 85' lang='lat' dir='ltr'><strong>Deo.</strong></span> <span class='ocrx_word' id='word_1_223' title='bbox 1563 2426 1682 2474; x_wconf 70' lang='lat'><strong>440</strong></span> 
     </span>
     <span class='ocr_line' id='line_1_36' title="bbox 326 2486 1203 2546; baseline 0 -9"><span class='ocrx_word' id='word_1_224' title='bbox 326 2486 525 2537; x_wconf 64' lang='lat' dir='ltr'><strong>Intacta</strong></span> <span class='ocrx_word' id='word_1_225' title='bbox 543 2487 728 2538; x_wconf 79' lang='lat' dir='ltr'><strong>fueratis</strong></span> <span class='ocrx_word' id='word_1_226' title='bbox 750 2504 871 2544; x_wconf 79' lang='lat' dir='ltr'><strong>aves,</strong></span> <span class='ocrx_word' id='word_1_227' title='bbox 895 2490 1054 2537; x_wconf 74' lang='lat' dir='ltr'><strong>solatia</strong></span> <span class='ocrx_word' id='word_1_228' title='bbox 1074 2490 1203 2546; x_wconf 86' lang='lat' dir='ltr'><strong>ruris,</strong></span> 
     </span>
     <span class='ocr_line' id='line_1_37' title="bbox 391 2553 1372 2617; baseline 0.004 -17"><span class='ocrx_word' id='word_1_229' title='bbox 391 2553 650 2601; x_wconf 80' lang='lat' dir='ltr'><strong>Adsuetum</strong></span> <span class='ocrx_word' id='word_1_230' title='bbox 673 2554 812 2609; x_wconf 83' lang='lat' dir='ltr'><strong>silvis,</strong></span> <span class='ocrx_word' id='word_1_231' title='bbox 833 2555 1170 2616; x_wconf 79' lang='lat' dir='ltr'><strong>innocuumque</strong></span> <span class='ocrx_word' id='word_1_232' title='bbox 1190 2569 1372 2617; x_wconf 69' lang='lat' dir='ltr'><strong>genusg</strong></span> 
     </span>
     <span class='ocr_line' id='line_1_38' title="bbox 325 2616 1400 2682; baseline 0.003 -16"><span class='ocrx_word' id='word_1_233' title='bbox 325 2616 450 2674; x_wconf 74' lang='lat' dir='ltr'><strong>Quae</strong></span> <span class='ocrx_word' id='word_1_234' title='bbox 469 2617 616 2666; x_wconf 81' lang='lat' dir='ltr'><strong>facitis</strong></span> <span class='ocrx_word' id='word_1_235' title='bbox 637 2620 782 2675; x_wconf 84' lang='lat' dir='ltr'><strong>nidos,</strong></span> <span class='ocrx_word' id='word_1_236' title='bbox 803 2633 908 2680; x_wconf 82' lang='lat' dir='ltr'><strong>quae</strong></span> <span class='ocrx_word' id='word_1_237' title='bbox 928 2619 1093 2682; x_wconf 84' lang='lat' dir='ltr'><strong>plumis</strong></span> <span class='ocrx_word' id='word_1_238' title='bbox 1113 2633 1203 2668; x_wconf 81' lang='lat' dir='ltr'><strong>ova</strong></span> <span class='ocrx_word' id='word_1_239' title='bbox 1220 2618 1400 2679; x_wconf 67' lang='lat' dir='ltr'><strong>fovetis.</strong></span> 
     </span>
     <span class='ocr_line' id='line_1_39' title="bbox 389 2682 1309 2752; baseline 0.005 -20"><span class='ocrx_word' id='word_1_240' title='bbox 389 2682 458 2732; x_wconf 85' lang='lat' dir='ltr'><strong>Et</strong></span> <span class='ocrx_word' id='word_1_241' title='bbox 477 2682 598 2734; x_wconf 81' lang='lat' dir='ltr'><strong>facili</strong></span> <span class='ocrx_word' id='word_1_242' title='bbox 614 2684 773 2736; x_wconf 73' lang='lat' dir='ltr'><strong>dulces</strong></span> <span class='ocrx_word' id='word_1_243' title='bbox 792 2684 926 2752; x_wconf 70' lang='lat' dir='ltr'><strong>editis</strong></span> <span class='ocrx_word' id='word_1_244' title='bbox 945 2699 1025 2736; x_wconf 76' lang='lat' dir='ltr'><strong>ore</strong></span> <span class='ocrx_word' id='word_1_245' title='bbox 1039 2683 1218 2737; x_wconf 75' lang='lat' dir='ltr'><strong>modos·</strong></span> <span class='ocrx_word' id='word_1_246' title='bbox 1259 2745 1269 2752; x_wconf 26' lang='grc' dir='ltr'><strong><em>ι</em></strong></span> <span class='ocrx_word' id='word_1_247' title='bbox 1304 2739 1309 2745; x_wconf 24' lang='grc' dir='ltr'><strong>Δ</strong></span> 
     </span>
    </p>
   </div>
   <div class='ocr_carea' id='block_1_3' title="bbox 1800 929 1806 1593">
    <p class='ocr_par' dir='ltr' id='par_1_3' title="bbox 1800 929 1806 1593">
     <span class='ocr_line' id='line_1_40' title="bbox 1800 929 1806 1593; baseline 0 0"><span class='ocrx_word' id='word_1_248' title='bbox 1800 929 1806 1593; x_wconf 95' lang='lat' dir='ltr'><strong> </strong></span> 
     </span>
    </p>
   </div>
  </div>
 </body>
</html>
