1842 2966
394 194 494 238 210
691 227 702 239 .
735 187 794 238 P.
824 180 1063 239 0V1D11
1091 186 1397 242 NASONIS

854 448 1136 501 ELEGm
1161 428 1254 498 v'1.

382 577 629 626 Tauron:
650 578 855 627 ruricolae
874 580 1051 642 patiens
1070 579 1124 627 fit
1144 587 1300 628 taurus
1320 582 1480 637 aratri,

447 643 629 692 Praebet
649 652 696 692 et
714 646 905 693 incurvo
927 645 1045 691 colla
1062 645 1307 707 premenda
1311 647 1451 708 jugo.

381 707 611 772 Tempore
629 718 921 771 paret-equus
941 710 1076 756 lentis
1098 712 1328 757 animosus
1349 711 1566 767 habenis,

444 774 512 821 Et
533 773 706 836 placido
729 775 864 821 duros
886 775 1049 836 accipit
1069 791 1147 822 ore
1168 776 1316 837 lupos.

375 838 606 900 Tempore
629 837 879 885 Poenorum
899 849 1202 901 compescitur
1220 840 1288 887 ira
1308 840 1502 887 leonum
1516 857 1537 900 ς

445 904 551 950 Nec
570 902 725 950 feritas
745 904 909 960 animo,
935 920 1039 965 quae
1057 904 1143 951 fuit
1161 900 1280 959 ante,
1302 913 1478 952 manet.

376 968 586 1027 Quaeque
607 968 676 1014 sui
697 969 880 1015 monitis
901 969 1180 1032 obtemperat
1202 967 1319 1017 Inda
1338 970 1560 1032 magistri

440 1032 615 1087 Bellua,
640 1032 872 1079 servitium
893 1040 1098 1096 tempore
1119 1035 1241 1082 victa
1261 1035 1397 1081 subit.

373 1096 589 1157 Tempus,
614 1103 666 1143 ut
684 1098 883 1144 extentis
898 1105 1071 1146 tumeat
1090 1098 1200 1147 facit
1221 1114 1311 1146 uva
1332 1100 1547 1155 racemis,

436 1160 621 1222 Vixque
633 1177 808 1209 merum
820 1164 999 1225 capiant
1009 1180 1166 1225 grana,
1179 1164 1302 1225 quod
1312 1165 1436 1211 intus
1450 1165 1642 1213 habent.
1666 1168 1721 1211 10

368 1225 572 1286 Tempus
592 1234 640 1275 et
660 1228 708 1273 in
731 1239 867 1276 canas
889 1244 1044 1277 semen
1065 1230 1272 1291 producit
1291 1232 1450 1277 aristas
1469 1246 1488 1287 ς

436 1290 504 1337 Et
525 1288 697 1340 ne’sint
718 1294 836 1339 tristi
857 1309 997 1356 poma
1018 1310 1177 1357 sapore
1196 1294 1320 1342 facit.

370 1354 482 1404 Hoc
503 1363 660 1405 tenuat
681 1358 863 1405 dentem
882 1368 1027 1406 terras
1048 1360 1310 1407 renovantis
1330 1360 1484 1416 aratri,

436 1420 546 1469 Hoc
568 1423 737 1486 rigidas
759 1423 918 1478 silices,
941 1423 1034 1471 hoc'
1050 1425 1291 1472 adamanta
1311 1426 1433 1471 terit.

369 1487 479 1535 Hoc
501 1490 636 1536 etiam
658 1505 806 1536 saevas
826 1490 1058 1552 paullatim
1080 1492 1262 1553 mitigat
1282 1492 1401 1538 iraaz

434 1551 544 1601 Hoc
565 1555 731 1601 minuit
749 1554 911 1610 luctus,
935 1560 1188 1617 moestaque
1208 1556 1345 1604 corda
1364 1555 1506 1603 levat.

367 1616 551 1666 Cuncta
570 1627 719 1681 potest
740 1620 880 1681 igitur
902 1621 1041 1667 tacito
1056 1622 1171 1682 pede
1185 1621 1311 1683 lapsa
1329 1626 1542 1668 vetustas
1609 1667 1630 1678 ,

435 1682 747 1746 Praeterquam
769 1699 901 1731 curas
923 1692 1157 1734 attenuare
1177 1701 1316 1733 meas.

366 1746 438 1794 Ut
457 1746 600 1809 patria
621 1763 765 1804 careo,
787 1749 854 1796 bis
874 1749 1080 1813 frugibus
1101 1767 1205 1799 area
1224 1751 1332 1798 trita
1351 1755 1452 1798 est:
1697 1790 1714 1809 ,
1797 1778 1798 1789 ¹

429 1811 645 1860 Dissiluit
666 1814 787 1861 nudo
806 1829 963 1876 pressa
982 1816 1051 1864 bis
1072 1831 1161 1863 uva
1180 1817 1308 1878 pede·
1646 1815 1708 1859 m
1797 1826 1798 1867 ζ

361 1874 468 1924 Nec
489 1879 680 1939 quaesita
698 1886 851 1928 tamen
872 1881 1019 1942 spatio
1038 1882 1255 1944 patientia
1273 1881 1417 1943 longo
1437 1887 1544 1938 εσυ

428 1942 658 2004 Mensque
678 1944 785 1991 mali
806 1958 989 1992 sensum
1014 1955 1171 1994 nostra
1189 1946 1383 1993 recentis
1404 1946 1557 1993 habet.

363 2007 549 2056 Scilicet
567 2016 615 2055 et
635 2017 812 2057 veteres
826 2008 1011 2072 fugiunt
1021 2012 1139 2073 juga
1160 2026 1301 2058 curva
1311 2010 1503 2074 juvenci
1521 2028 1536 2056 z

429 2071 496 2119 Et
518 2073 714 2120 domitus
732 2073 862 2122 freno
883 2090 1007 2137 saepe
1027 2083 1249 2138 repugnat
1269 2091 1427 2136 equus.

357 2134 553 2185 Tristior
575 2145 645 2184 est
665 2138 801 2185 etiam
824 2154 1026 2201 praesens
1048 2156 1251 2188 aerumna
1270 2142 1444 2204 priore:

427 2201 499 2249 Ut
519 2203 579 2249 sit
598 2203 720 2251 enim
743 2204 824 2249 sibi
844 2218 936 2265 par,
962 2205 1116 2267 crevit,
1139 2212 1187 2252 et
1206 2212 1341 2253 aucta
1358 2203 1490 2252 mora
1510 2211 1594 2252 est.

356 2265 462 2314 Nec
484 2274 577 2314 tam
599 2274 708 2314 nota
727 2268 850 2324 mihi,
873 2266 1009 2330 quaim
1027 2278 1145 2326 sunt,
1170 2271 1289 2317 mala
1309 2276 1467 2318 nostra
1483 2269 1685 2316 fuerunt:

427 2331 519 2377 Sed
539 2332 687 2392 magis
708 2333 807 2387 hoc,
831 2348 924 2393 quo
946 2341 1053 2380 aunt
1074 2336 1338 2397 cognitiora,
1361 2340 1569 2397 gravant.

358 2394 449 2441 Est
464 2409 642 2454 quoque
662 2410 754 2445 non
775 2398 1028 2454 minimum,
1049 2400 1170 2446 vires
1190 2399 1364 2447 adferre
1385 2404 1588 2446 recentes
1598 2413 1617 2454 3

420 2456 525 2504 Nec
544 2469 926 2520 praeconsumtum
947 2464 1161 2525 temporis
1182 2479 1283 2511 esse
1302 2464 1447 2511 malis.
1620 2463 1690 2507 30

357 2520 541 2568 Fortior
560 2523 609 2569 in
628 2523 753 2572 fulva
773 2541 919 2573 novus
940 2534 1011 2573 est
1024 2528 1216 2575 luctator
1236 2527 1385 2583 arena,

425 2583 579 2639 Quam
602 2588 681 2639 cui,
696 2598 803 2637 sunt
823 2588 952 2637 tarda
970 2592 1150 2638 brachia
1168 2590 1289 2639 fessa
1308 2590 1452 2638 mord.

356 2646 547 2710 Integer
562 2658 632 2698 est
651 2654 809 2702 melior
830 2655 981 2703 nitidis
1002 2654 1221 2717 gladiator
1241 2656 1290 2702 in
1311 2656 1461 2709 armis,

419 2711 570 2769 Qssm
592 2717 664 2771 cui
681 2719 770 2767 tela
789 2735 873 2767 zuo
894 2720 1115 2783 sanguine
1129 2721 1275 2779 ⁸tincta
1296 2721 1472 2775 rubent.
