1842 2966
304 127 405 176 264
472 152 479 157 ·
650 122 710 173 P„
743 120 980 172 0V1D11
1012 119 1320 174 NASONIS

753 382 1093 462 EPISTOLA
1127 383 1195 432 X.

876 529 1076 566 rucco.

311 642 451 691 Naso
468 660 556 693 suo
575 644 797 708 profugus
817 644 957 692 mittit
977 645 1073 699 tibi,
1096 643 1274 700 Flacco„
1299 644 1520 695 salutem
1542 665 1560 695 t

320 749 327 762 ,
377 708 568 758 Mittere
590 727 684 758 rem
709 712 747 757 si
768 711 883 771 quis,
906 708 998 771 qua
1018 718 1141 757 caret
1160 711 1269 772 ipse,
1289 718 1482 772 potest.

310 771 506 837 Longus
527 777 648 824 enim
671 776 790 823 curis
810 776 1020 838 vitiatum
1042 790 1206 837 corpus
1227 777 1397 823 amaris

377 839 678 903 Nonpatitur
698 842 820 887 vires
838 841 1034 903 languor
1055 842 1219 888 babere
1241 856 1364 888 suas-

309 903 414 953 Nec
434 906 567 954 dolor
587 907 706 955 ullus
726 907 864 961 adest,
889 922 975 953 nec
995 895 1191 953 febribus
1211 921 1320 953 uror
1342 907 1580 968 anheli33

377 970 445 1018 Et
463 972 638 1033 peragit
660 972 779 1017 soliti
802 987 920 1019 vena
938 973 1110 1018 tenoris
1131 972 1230 1018 iter.
1388 987 1394 994 ·

311 1033 381 1082 Os
403 1036 538 1082 hebes
560 1043 643 1089 est,
665 1036 919 1098 positaeque
940 1044 1127 1083 movent
1148 1036 1328 1083 fastidia
1349 1051 1550 1087 mensae
1569 1057 1584 1086 z
1797 1043 1798 1100 1

376 1099 443 1147 Et
463 1115 639 1161 queror,
664 1101 798 1147 invisi
821 1099 927 1147 cum
948 1101 1074 1149 venit
1095 1103 1206 1149 hora
1226 1102 1328 1148 cibi.
1797 1107 1798 1122 ¹

311 1164 451 1219 Quod
470 1180 607 1220 mare,
630 1166 751 1226 quod
773 1166 921 1222 tellus,
947 1167 1135 1229 adpone,
1158 1167 1282 1227 quod
1301 1167 1481 1216 educat
1507 1170 1621 1229 εἰέκ-ς

377 1229 459 1276 Nil
481 1231 554 1286 ibi,
575 1231 699 1292 quod
719 1233 849 1278 nobis
869 1233 1103 1286 esuriatur,
1128 1233 1228 1278 erit.
1626 1240 1688 1283 10

297 1290 486 1343 “Nectar
505 1305 552 1342 et
573 1297 856 1352 ambrosiam,
880 1298 1036 1344 latices
1057 1297 1301 1359 epulasqw
1323 1296 1581 1357 Deorum,

377 1360 477 1409 Det
498 1362 607 1407 mihi
628 1360 831 1409 formosa
851 1369 969 1409 nava
988 1360 1189 1409 Juventa
1208 1373 1347 1409 manu
1365 1379 1382 1420 3

310 1424 423 1475 Noa
443 1435 595 1476 tamen
619 1435 809 1475 exacuet
830 1434 1014 1490 torpens
1037 1442 1169 1490 sapor
1190 1428 1266 1474 ille
1285 1428 1503 1490 palatum
1524 1448 1542 1479 ε

377 1492 524 1542 Stabit
545 1501 592 1540 et
613 1494 660 1539 in
673 1495 916 1541 stomacho
940 1494 1117 1554 pondus
1137 1495 1285 1540 inerte
1305 1494 1399 1541 diu.

310 1557 433 1607 Haec
455 1574 544 1622 ego
564 1574 660 1607 non
682 1561 839 1614 ausim,
864 1556 966 1605 cum
991 1559 1083 1604 sint
1104 1560 1350 1614 verissima,
1376 1560 1546 1611 cuivis

376 1624 611 1683 Scribere3
647 1624 828 1671 delicias
850 1640 908 1670 ne
929 1624 1048 1670 mala
1068 1631 1225 1671 nostra
1243 1632 1425 1672 vocent.

308 1690 494 1738 Scilicet
514 1690 554 1737 is
577 1696 720 1737 status
742 1697 824 1745 est,
850 1705 906 1735 ea
929 1705 1078 1736 rerum
1100 1689 1248 1736 forma
1268 1704 1502 1749 mearum,

375 1754 569 1802 Deliciis
590 1755 725 1802 etiam
745 1755 889 1817 possit
910 1762 963 1800 ut
984 1770 1085 1801 esse
1105 1755 1248 1801 locus.

308 1818 515 1868 Delicias
536 1821 600 1867 illi
620 1836 781 1883 precor
802 1822 883 1867 has
904 1821 1185 1882 contingere,
1209 1820 1247 1867 si
1268 1819 1387 1881 quis,

377 1883 456 1932 Ne
477 1887 587 1932 mihi
611 1887 668 1932 sit
689 1886 832 1933 levior
856 1883 1054 1933 Caesaris
1075 1886 1155 1941 ira,
1178 1885 1323 1932 timet.
1613 1895 1677 1938 a)

308 1948 362 1998 Is
383 1966 574 2014 quoque,
598 1952 674 2012 qui
696 1951 856 2014 gracili
878 1952 1004 1998 cibus
1025 1959 1096 1997 est
1116 1952 1163 1998 in
1186 1965 1388 2012 corpore,
1413 1966 1638 2011 eorunm,

374 2015 489 2064 Non
513 2017 593 2063 alit
615 2016 764 2063 officio
786 2032 949 2079 corpus
970 2017 1105 2063 inane
1126 2031 1226 2063 suo.

311 2081 404 2129 Sed
424 2082 580 2143 vigilo.
601 2082 884 2142 vigilantque
906 2082 995 2128 mei
1020 2081 1116 2128 sine
1134 2079 1228 2127 fine
1249 2080 1429 2129 dolores
1440 2097 1459 2140 3

376 2146 587 2201 Quorum
608 2152 843 2192 materiam
866 2146 944 2193 dat
964 2147 1092 2194 locus
1112 2147 1210 2208 ipse
1229 2146 1358 2192 mihi.

307 2209 407 2259 Vix
426 2211 567 2273 igitur
586 2210 732 2273 possis
753 2210 877 2256 visos
900 2226 1148 2273 agnoscere
1167 2206 1323 2258 vultu‘s
1336 2228 1350 2257 ι

375 2273 573 2338 Qu6que
591 2275 710 2329 ierit,
734 2290 924 2336 quaeraa
947 2277 1024 2337 qui
1043 2275 1131 2323 fuit
1151 2273 1273 2332 ante,
1296 2275 1438 2322 eolor-

307 2339 487 2390 Parvus
507 2341 556 2386 in
577 2339 717 2386 exiles
739 2355 902 2386 succus
923 2342 1034 2388 mihi
1054 2342 1262 2403 pervenit
1281 2347 1435 2388 ιιι-ωσι

374 2404 674 2462 Membraque
697 2412 802 2450 sunt
823 2402 928 2451 cera
946 2406 1181 2468 pallidiora
1202 2403 1337 2452 novi.

308 2469 422 2519 Non
444 2468 545 2514 haec
566 2470 808 2516 immodico
829 2471 1037 2516 contraxi
1058 2470 1222 2517 damna
1244 2469 1412 2530 Lyaeo:

376 2531 477 2580 Scis
498 2532 609 2578 mihi
630 2531 764 2605 guam
787 2534 899 2581 ⁸01ae
919 2532 1038 2597 pene
1058 2535 1268 2581 bibantur
1288 2548 1432 2595 aquae.
1592 2538 1660 2583 30

307 2595 423 2645 Non
445 2596 588 2658 epulis
610 2599 802 2644 oneror:
841 2614 1029 2659 quarum
1054 2599 1092 2644 si
1113 2606 1276 2662 tangar
1297 2612 1463 2655 amore,

372 2660 462 2709 Est
483 2667 635 2708 tamen
655 2662 702 2710 in
728 2662 903 2712 Geticis
926 2664 1055 2726 copia
1075 2653 1200 2712 nulla
1219 2663 1346 2711 locis.
