1842 2966
344 170 359 182 s
462 128 810 188 TRISTIUM
841 130 950 182 Ln-
969 131 1068 184 111.
1104 138 1179 185 10.
1374 140 1465 186 191

118 262 353 320 Pellibus,
374 269 424 313 et
444 263 558 324 suti-s
579 269 735 312 arcent
752 260 876 316 male
895 264 1068 327 frigora
1087 266 1257 316 braccis
1267 283 1286 326 ς

192 329 385 391 Oraque
404 330 462 377 de
481 334 581 378 toto
602 343 790 391 corpore
811 328 908 376 sola
928 336 1099 391 patent.
1401 336 1469 379 20

118 394 269 457 Saepe
290 401 455 443 sonant
473 394 587 441 moti
606 394 753 456 glacie
771 394 998 456 pendente
1018 396 1178 458 capilli,

193 459 266 507 Et
287 460 403 507 nitet
416 451 602 507 inducto
622 459 812 506 candida
830 459 967 508 barba
986 460 1123 521 gelu.

121 524 333 586 Udaque
351 525 618 579 consistunt,
639 524 832 572 formam
854 526 1081 572 servantia
1100 532 1246 588 testae,

193 589 353 638 Vina.
381 605 465 638 nec
485 591 646 638 hausta
664 590 790 645 meri,
813 589 894 637 sed
914 590 1020 637 data
1038 579 1184 639 frusta
1200 592 1371 639 bibunt.

123 655 260 711 Quid
283 656 454 717 loquar,
475 662 528 703 ut
546 655 689 702 vincti
710 662 1003 704 concrescant
1020 654 1192 717 frigore
1212 657 1311 713 rivi,

197 718 368 782 Deque
381 721 487 768 lacu
501 719 687 782 fragiles
705 719 976 768 effodiantur
995 721 1155 781 aquae?

125 784 254 849 Ipse,
276 784 532 848 papyrifero
553 784 631 846 qui
652 799 745 832 non
765 786 1003 846 angustior
1022 801 1170 843 amne,

195 849 425 897 Miscetur
445 856 577 898 vasto
598 849 740 897 multa
759 865 841 912 per
861 865 943 898 ora
961 850 1092 907 freto,

127 914 370 965 caemleos
389 914 538 963 ventis
552 914 712 962 latices
732 914 1009 972 durantibus,
1033 914 1155 966 Ister

198 977 442 1059 congelat,
465 986 512 1027 et
532 979 664 1030 tectis
685 980 733 1027 in
754 995 879 1029 mare
884 982 1039 1046 serpit
1054 983 1195 1044 aquis.
1397 985 1467 1029 30
1531 1031 1535 1034 ,

130 1043 334 1105 Quaque
346 1051 467 1093 rates
486 1043 646 1101 ierant,
667 1046 853 1108 pedibus
873 1061 996 1094 nunc
1016 1048 1132 1096 itur.
1161 1054 1209 1097 et
1230 1048 1375 1098 undas

196 1109 393 1174 Frigore
412 1117 646 1166 concretas
666 1111 839 1173 ungula
856 1112 1007 1173 pulsat
1028 1114 1146 1173 equi.

131 1173 316 1236 Perque
336 1190 483 1224 novos
500 1182 664 1237 pontes
685 1177 837 1224 subter
857 1177 1108 1225 labentibus
1129 1178 1261 1227 undis
1330 1213 1340 1220 -

199 1239 396 1289 Ducunt
417 1240 653 1292 Sarmatici
672 1242 858 1290 barbara
876 1242 1076 1304 plaustra
1093 1243 1250 1291 boves.

132 1303 233 1353 Vix
248 1306 455 1368 equidem
476 1306 663 1354 credar.
691 1306 771 1354 sed
793 1303 897 1353 cum
920 1306 1012 1353 sint
1032 1309 1219 1368 praemia
1238 1307 1340 1356 falsi

199 1369 358 1427 Nulla,
382 1379 522 1419 ratam
545 1372 675 1420 testis
695 1371 827 1419 debet
846 1370 1011 1424 habere
1028 1370 1179 1419 fidem.

134 1434 350 1487 Vidimus
363 1437 598 1500 ingentem
619 1436 766 1501 glacie
785 1436 1034 1486 consistere
1053 1443 1255 1499 pontum,

198 1501 484 1564 Lubricaque
503 1503 714 1552 immotas
728 1509 846 1551 testa
863 1503 1094 1565 premebat
1112 1518 1265 1564 aquas.

132 1566 240 1615 Nec
259 1568 428 1615 vidisse
449 1574 520 1626 sat
533 1574 617 1616 est.
661 1567 848 1616 Durum
869 1567 1140 1616 calcavimus
1163 1581 1348 1629 aequor:

204 1632 433 1694 Undaque
453 1647 547 1683 non
568 1633 659 1682 udo
681 1633 764 1680 sub
783 1634 897 1695 pede
919 1647 1096 1680 summa
1114 1633 1216 1679 fuit.
1408 1635 1474 1678 40

138 1698 190 1746 Si
209 1698 291 1744 tibi
312 1698 404 1745 tale
421 1697 588 1745 fretum
610 1698 851 1760 quondam,
875 1697 1098 1754 Leandre,
1118 1697 1312 1756 fuisset3

201 1761 317 1810 Non
336 1762 457 1810 foret
476 1769 685 1826 angustae
705 1777 829 1811 mors
849 1770 929 1810 tua
948 1763 1119 1811 crimen
1136 1778 1281 1825 aquae.
1361 1808 1366 1813 .

138 1826 264 1876 Τιιιιι
284 1842 434 1889 neque
454 1842 504 1875 se
523 1828 658 1890 pandi
678 1835 870 1890 possunt
884 1827 1115 1890 delphines
1130 1829 1177 1876 in
1193 1842 1325 1877 auras
1413 1853 1420 1856 ‚

202 1892 419 1941 Tollere:
446 1899 664 1941 conantes
684 1892 797 1939 dura
816 1891 995 1940 coercet
1013 1893 1173 1941 hiens.

138 1956 206 2008 Et
227 1972 501 2020 quamquam
522 1957 697 2006 Boreas
703 1958 888 2021 jactatis
908 1958 1089 2006 insonet
1110 1959 1209 2014 aiis,

204 2022 428 2083 Fluctus
416 2039 464 2070 m
486 2024 671 2082 obsesso
691 2023 875 2086 gurgite
895 2022 1046 2071 nullus
1062 2024 1164 2072 erit.

142 2086 431 2149 Inclusaeque
444 2089 555 2166 gelu
576 2076 769 2145 stabunt,
791 2096 842 2135 ut
862 2103 1099 2144 marmore,
1121 2103 1319 2153 puppes-

208 2152 321 2201 Nee
328 2155 495 2215 poterit
514 2154 682 2215 rigidas
702 2152 872 2202 findere
893 2168 1045 2201 remus
1066 2169 1219 2215 aquas.

141 2217 388 2269 Vidimus·
374 2234 422 2266 111
444 2219 590 2280 glacie
610 2219 755 2281 pisces
774 2221 948 2267 haerere
967 2219 1228 2281 ligatos..

209 2283 279 2332 Et
297 2298 403 2346 pars
423 2299 482 2331 ex
502 2284 592 2330 illis
613 2291 711 2331 tum
733 2298 910 2346 quoque
930 2284 1039 2337 viva
1057 2283 1158 2331 fuit.
1414 2284 1480 2329 50

141 2348 253 2397 Sive
270 2348 412 2410 igitur
426 2349 553 2396 nimii
574 2346 741 2397 Boreae
760 2349 833 2397 vis
852 2363 977 2397 saeva
996 2350 1203 2405 marinas,

209 2406 320 2462 Sive
339 2414 609 2462 redundatas
630 2413 818 2461 flumine
838 2413 964 2476 cogit
983 2428 1150 2474 aquas;

145 2477 377 2535 Protinus
395 2486 572 2542 aequato
594 2480 724 2527 siccis
745 2480 1047 2541 Aquilonibus
1069 2476 1204 2533 Istro,

211 2542 452 2592 Invehitur
472 2545 608 2593 celeri
628 2545 840 2593 barbarus
859 2545 1004 2593 hostis
1024 2557 1170 2605 equo.

144 2608 314 2660 Hostis
333 2624 450 2672 equo
469 2610 658 2673 pollens,
680 2607 906 2673 longeque
926 2609 1108 2657 volante
1129 2603 1306 2672 sagitta,

209 2673 423 2729 vicium
441 2627 537 2725 late
556 2676 851 2740 depopulatur
870 2676 1072 2727 humum.
