1842 2966
508 324 586 391 P.
624 280 940 429 ‘ovmn
982 320 1401 393 NASONIS

421 468 1497 599 FAsToRUM

655 723 873 772 LIBER
908 724 1240 780 QUINTUS.

279 1013 555 1068 Quinum&
583 1013 705 1060 unde
724 1019 879 1077 putem
903 1013 1035 1077 Majo
1056 1014 1162 1060 data
1182 1014 1369 1062 nomina
1387 1013 1582 1063 mensi?

347 1076 461 1124 Non
479 1078 587 1124 satis
609 1085 682 1125 est
701 1076 871 1140 liquid&
892 1081 1081 1142 cognita
1101 1094 1261 1127 caussa
1280 1080 1407 1128 mihi.

281 1142 477 1198 Ut·stat,
501 1151 549 1190 et
569 1144 768 1192 incertus
790 1143 879 1207 quii
901 1146 962 1192 sit
977 1146 1059 1193 sibi
1080 1145 1227 1193 nescit
1246 1145 1463 1203 eundum,

346 1206 468 1257 cum
489 1209 615 1257 videt
634 1225 695 1258 ex
716 1213 841 1259 omni
861 1219 989 1274 parte
1010 1212 1158 1260 viator
1177 1211 1290 1258 iter:

282 1273 373 1329 Sic,
397 1276 503 1335 quia
522 1290 658 1337 posse
680 1277 813 1323 datur
834 1278 1035 1324 diversas
1056 1276 1243 1323 reddere
1264 1291 1461 1333 caussas,

347 1338 455 1394 Qua
475 1340 593 1388 ferar
607 1343 772 1404 ignoro
789 1361 801 1389 ι
830 1343 1048 1405 copiaque
1067 1344 1165 1405 ipsa
1186 1349 1335 1390 nocet.

279 1403 452 1460 Dicite,
476 1421 580 1468 quae
600 1407 751 1455 fontes
773 1408 1088 1472 Aganippidos
1113 1405 1432 1470 Hippocrenes

347 1472 492 1520 Grata
513 1473 742 1522 Medusaei
765 1474 897 1537 signa
917 1472 1082 1521 tenetis
1104 1474 1221 1536 equi.

277 1536 554 1587 Dissensere
575 1539 687 1587 deae.
734 1540 940 1594 Quarum
963 1539 1274 1601 Polyhymnia
1294 1538 1434 1601 coepit

346 1603 516 1652 Prima.
564 1605 711 1651 Silent
732 1606 847 1659 aliae,
870 1605 1078 1665 dietaque
1099 1613 1253 1653 mente
1274 1611 1448 1652 notant.
1564 1607 1630 1653 10

280 1668 396 1716 Post
413 1670 561 1724 chaos,
586 1677 639 1716 ut
658 1668 853 1732 primum
876 1670 981 1716 data
1003 1677 1110 1716 sunt
1130 1670 1217 1717 tria
1229 1685 1421 1733 corpora
1439 1670 1624 1729 mundo.

348 1733 496 1794 Inque
512 1749 655 1781 novas
677 1736 851 1796 speeies
873 1750 1009 1782 omne
1030 1735 1216 1783 recessit
1236 1751 1379 1798 opus;

279 1799 492 1848 Pondere
512 1807 633 1847 terra
648 1816 730 1847 suo
753 1801 964 1856 subsedit,
988 1808 1036 1847 et
1058 1816 1241 1862 aequora
1251 1802 1413 1848 traxit:

343 1864 413 1912 At
435 1865 600 1911 coelum
621 1866 783 1913 levitas
803 1866 850 1912 in
873 1867 975 1913 loca
995 1881 1173 1913 summa
1192 1866 1311 1913 tulit.

280 1930 361 1992 So]
382 1946 561 1993 quoque
576 1947 679 1978 cum
703 1931 844 1978 stellis
866 1929 992 1978 nulla
1013 1932 1238 1994 gravitate
1259 1935 1471 1987 retentus,

346 1995 414 2042 Et
437 2013 518 2043 vos
537 1995 744 2043 Lunares
761 1996 1006 2044 exsiluistis
1020 1998 1137 2059 equi.

281 2062 373 2110 Sed
396 2077 542 2122 neque
565 2069 684 2109 terra
698 2062 774 2108 diu
796 2062 927 2118 coelo,
951 2078 1036 2110 nec
1058 2069 1208 2109 cetera
1229 2061 1406 2108 Phoebo

347 2127 505 2173 Sidera
526 2127 766 2173 cedebant:
798 2142 880 2188 par
900 2136 999 2175 erat
1021 2128 1169 2174 omnis
1190 2128 1352 2173 honos.

281 2192 416 2254 Saepe
437 2192 598 2251 aliquis
619 2192 747 2246 solio,
770 2193 890 2254 quod
911 2199 977 2249 tu,
1003 2192 1210 2246 Saturne,
1234 2192 1431 2246 tenebas,

348 2258 504 2303 Ausus
528 2257 583 2302 de
605 2256 753 2303 media
773 2257 901 2319 plebe
915 2259 1072 2306 sedere
1093 2258 1240 2304 Deus.
1355 2277 1358 2282 ·
1541 2259 1607 2305 20

279 2323 349 2370 Et
368 2323 488 2368 latus
511 2321 696 2370 Oceano
718 2325 955 2385 quisquam
977 2322 1111 2370 Deus
1133 2323 1305 2370 advena
1316 2321 1494 2384 junxit:

345 2385 523 2447 Tethys
539 2394 586 2433 et
606 2396 811 2435 extremo
835 2405 957 2451 saepe
975 2395 1154 2450 recepta
1175 2389 1276 2434 loco
1299 2394 1384 2434 est.

280 2452 449 2500 Donec
474 2451 653 2508 Honor,
669 2455 935 2516 placidoque
955 2456 1121 2502 decens
1142 2453 1421 2500 Reverentia
1440 2451 1550 2500 vultu

347 2514 554 2579 Corpora
565 2519 780 2581 legitimis
803 2520 1057 2581 imposuere
1078 2519 1204 2565 toris.
1461 2527 1468 2536 ²

283 2580 413 2629 Hinc
435 2591 532 2630 sata
554 2583 810 2647 Maiestam
834 2585 919 2631 hos
941 2592 1012 2631 est
1033 2582 1141 2630 Dea
1162 2598 1298 2630 censa
1317 2587 1535 2644 parentes:

349 2646 542 2711 Quaque
563 2649 636 2696 die
650 2657 781 2716 partu
803 2657 874 2696 est
889 2650 1021 2706 edita,
1045 2643 1215 2711 inagna
1233 2647 1336 2694 fuit.
