<?xml version="1.0" encoding="UTF-8"?>
<!DOCTYPE html PUBLIC "-//W3C//DTD XHTML 1.0 Transitional//EN"
    "http://www.w3.org/TR/xhtml1/DTD/xhtml1-transitional.dtd">
<html xmlns="http://www.w3.org/1999/xhtml" xml:lang="en" lang="en">
 <head>
  <title>
</title>
<meta http-equiv="Content-Type" content="text/html;charset=utf-8" />
  <meta name='ocr-system' content='tesseract 3.04.00' />
  <meta name='ocr-capabilities' content='ocr_page ocr_carea ocr_par ocr_line ocrx_word'/>
</head>
<body>
  <div class='ocr_page' id='page_1' title='image "./povidiinasoniso01caregoog_0361.png"; bbox 0 0 1842 2966; ppageno 0'>
   <div class='ocr_carea' id='block_1_1' title="bbox 735 124 1486 190">
    <p class='ocr_par' dir='ltr' id='par_1_1' title="bbox 735 124 1486 190">
     <span class='ocr_line' id='line_1_1' title="bbox 735 124 1486 190; baseline 0.001 -15"><span class='ocrx_word' id='word_1_1' title='bbox 735 124 891 176; x_wconf 75' lang='lat' dir='ltr'><strong>IBIS·</strong></span> <span class='ocrx_word' id='word_1_2' title='bbox 1276 177 1289 190; x_wconf 77' lang='grc'><strong><em>,</em></strong></span> <span class='ocrx_word' id='word_1_3' title='bbox 1391 127 1486 178; x_wconf 75' lang='lat'><strong>351</strong></span> 
     </span>
    </p>
   </div>
   <div class='ocr_carea' id='block_1_2' title="bbox 136 254 1543 2752">
    <p class='ocr_par' dir='ltr' id='par_1_2' title="bbox 136 254 1543 2752">
     <span class='ocr_line' id='line_1_2' title="bbox 140 254 1253 320; baseline 0.002 -16"><span class='ocrx_word' id='word_1_4' title='bbox 140 254 211 305; x_wconf 89' lang='lat' dir='ltr'><strong>Et</strong></span> <span class='ocrx_word' id='word_1_5' title='bbox 231 270 338 319; x_wconf 74' lang='lat' dir='ltr'><strong>quse</strong></span> <span class='ocrx_word' id='word_1_6' title='bbox 361 254 612 307; x_wconf 82' lang='lat' dir='ltr'><strong>Penthides</strong></span> <span class='ocrx_word' id='word_1_7' title='bbox 629 256 753 313; x_wconf 82' lang='lat' dir='ltr'><strong>feeit,</strong></span> <span class='ocrx_word' id='word_1_8' title='bbox 773 257 1004 320; x_wconf 81' lang='lat' dir='ltr'><strong>fraterque</strong></span> <span class='ocrx_word' id='word_1_9' title='bbox 1024 256 1253 317; x_wconf 72' lang='lat' dir='ltr'><strong>Medusae,</strong></span> 
     </span>
     <span class='ocr_line' id='line_1_3' title="bbox 206 321 1049 387; baseline 0.002 -17"><span class='ocrx_word' id='word_1_10' title='bbox 206 321 442 372; x_wconf 79' lang='lat' dir='ltr'><strong>Eveniant</strong></span> <span class='ocrx_word' id='word_1_11' title='bbox 462 325 598 387; x_wconf 77' lang='lat' dir='ltr'><strong>capiti</strong></span> <span class='ocrx_word' id='word_1_12' title='bbox 619 331 730 372; x_wconf 77' lang='lat' dir='ltr'><strong>vota</strong></span> <span class='ocrx_word' id='word_1_13' title='bbox 752 324 934 372; x_wconf 81' lang='lat' dir='ltr'><strong>sinistra</strong></span> <span class='ocrx_word' id='word_1_14' title='bbox 953 330 1049 372; x_wconf 87' lang='lat' dir='ltr'><strong>tuo.</strong></span> 
     </span>
     <span class='ocr_line' id='line_1_4' title="bbox 141 385 1275 452; baseline 0.004 -17"><span class='ocrx_word' id='word_1_15' title='bbox 141 386 211 435; x_wconf 85' lang='lat' dir='ltr'><strong>Et</strong></span> <span class='ocrx_word' id='word_1_16' title='bbox 233 385 395 450; x_wconf 82' lang='lat' dir='ltr'><strong>qm‘bus</strong></span> <span class='ocrx_word' id='word_1_17' title='bbox 417 390 588 452; x_wconf 78' lang='lat' dir='ltr'><strong>exiguo</strong></span> <span class='ocrx_word' id='word_1_18' title='bbox 610 391 809 438; x_wconf 81' lang='lat' dir='ltr'><strong>volucris</strong></span> <span class='ocrx_word' id='word_1_19' title='bbox 830 391 996 438; x_wconf 82' lang='lat' dir='ltr'><strong>devota</strong></span> <span class='ocrx_word' id='word_1_20' title='bbox 1016 390 1167 437; x_wconf 85' lang='lat' dir='ltr'><strong>libello</strong></span> <span class='ocrx_word' id='word_1_21' title='bbox 1189 397 1275 446; x_wconf 76' lang='lat' dir='ltr'><strong>est,</strong></span> 
     </span>
     <span class='ocr_line' id='line_1_5' title="bbox 208 452 1494 519; baseline -0.001 -16"><span class='ocrx_word' id='word_1_22' title='bbox 208 452 418 517; x_wconf 77' lang='lat' dir='ltr'>Corpora</span> <span class='ocrx_word' id='word_1_23' title='bbox 439 454 641 518; x_wconf 59' lang='lat' dir='ltr'><strong>projecta</strong></span> <span class='ocrx_word' id='word_1_24' title='bbox 659 472 765 517; x_wconf 87' lang='lat' dir='ltr'><strong>quae</strong></span> <span class='ocrx_word' id='word_1_25' title='bbox 786 472 869 503; x_wconf 85' lang='lat' dir='ltr'><strong>sua</strong></span> <span class='ocrx_word' id='word_1_26' title='bbox 889 464 1057 519; x_wconf 79' lang='lat' dir='ltr'><strong>purgat</strong></span> <span class='ocrx_word' id='word_1_27' title='bbox 1079 453 1208 517; x_wconf 63' lang='lat' dir='ltr'><strong>aqud.</strong></span> <span class='ocrx_word' id='word_1_28' title='bbox 1395 457 1494 503; x_wconf 77' lang='lat'><strong>450</strong></span> 
     </span>
     <span class='ocr_line' id='line_1_6' title="bbox 141 518 1298 583; baseline 0.001 -16"><span class='ocrx_word' id='word_1_29' title='bbox 141 518 354 569; x_wconf 68' lang='lat' dir='ltr'><strong>Vulnera</strong></span> <span class='ocrx_word' id='word_1_30' title='bbox 374 529 534 582; x_wconf 78' lang='lat' dir='ltr'><strong>totque</strong></span> <span class='ocrx_word' id='word_1_31' title='bbox 555 522 684 577; x_wconf 73' lang='lat' dir='ltr'><strong>fens,</strong></span> <span class='ocrx_word' id='word_1_32' title='bbox 708 529 822 583; x_wconf 90' lang='lat' dir='ltr'><strong>quot</strong></span> <span class='ocrx_word' id='word_1_33' title='bbox 843 523 1007 569; x_wconf 82' lang='lat' dir='ltr'><strong>dicitur</strong></span> <span class='ocrx_word' id='word_1_34' title='bbox 1028 522 1104 568; x_wconf 91' lang='lat' dir='ltr'><strong>ille</strong></span> <span class='ocrx_word' id='word_1_35' title='bbox 1126 522 1298 578; x_wconf 78' lang='lat' dir='ltr'><strong>tulisse,</strong></span> 
     </span>
     <span class='ocr_line' id='line_1_7' title="bbox 209 583 1122 648; baseline 0 -14"><span class='ocrx_word' id='word_1_36' title='bbox 209 583 357 648; x_wconf 85' lang='lat' dir='ltr'><strong>Cujus</strong></span> <span class='ocrx_word' id='word_1_37' title='bbox 379 588 435 633; x_wconf 80' lang='lat' dir='ltr'><strong>ab</strong></span> <span class='ocrx_word' id='word_1_38' title='bbox 448 587 620 634; x_wconf 86' lang='lat' dir='ltr'><strong>inferiis</strong></span> <span class='ocrx_word' id='word_1_39' title='bbox 642 588 789 634; x_wconf 83' lang='lat' dir='ltr'><strong>culter</strong></span> <span class='ocrx_word' id='word_1_40' title='bbox 810 589 969 634; x_wconf 86' lang='lat' dir='ltr'><strong>abesse</strong></span> <span class='ocrx_word' id='word_1_41' title='bbox 990 588 1122 634; x_wconf 79' lang='lat' dir='ltr'><strong>solet.</strong></span> 
     </span>
     <span class='ocr_line' id='line_1_8' title="bbox 138 650 1265 715; baseline 0.001 -16"><span class='ocrx_word' id='word_1_42' title='bbox 138 650 473 715; x_wconf 70' lang='lat' dir='ltr'><strong>Attonitusque</strong></span> <span class='ocrx_word' id='word_1_43' title='bbox 495 668 638 708; x_wconf 83' lang='lat' dir='ltr'><strong>seces,</strong></span> <span class='ocrx_word' id='word_1_44' title='bbox 660 660 712 700; x_wconf 87' lang='lat' dir='ltr'><strong>ut</strong></span> <span class='ocrx_word' id='word_1_45' title='bbox 733 669 848 714; x_wconf 88' lang='lat' dir='ltr'><strong>quos</strong></span> <span class='ocrx_word' id='word_1_46' title='bbox 873 652 1095 714; x_wconf 80' lang='lat' dir='ltr'><strong>Cybeleia</strong></span> <span class='ocrx_word' id='word_1_47' title='bbox 1116 660 1265 700; x_wconf 86' lang='lat' dir='ltr'><strong>mater</strong></span> 
     </span>
     <span class='ocr_line' id='line_1_9' title="bbox 207 714 1280 781; baseline 0.003 -18"><span class='ocrx_word' id='word_1_48' title='bbox 207 714 392 773; x_wconf 79' lang='lat' dir='ltr'><strong>Incitat,</strong></span> <span class='ocrx_word' id='word_1_49' title='bbox 416 719 476 765; x_wconf 90' lang='lat' dir='ltr'><strong>ad</strong></span> <span class='ocrx_word' id='word_1_50' title='bbox 498 717 729 781; x_wconf 82' lang='lat' dir='ltr'><strong>Phrygios</strong></span> <span class='ocrx_word' id='word_1_51' title='bbox 751 719 859 766; x_wconf 87' lang='lat' dir='ltr'><strong>vilia</strong></span> <span class='ocrx_word' id='word_1_52' title='bbox 879 721 1082 766; x_wconf 83' lang='lat' dir='ltr'><strong>membra</strong></span> <span class='ocrx_word' id='word_1_53' title='bbox 1102 718 1280 766; x_wconf 82' lang='lat' dir='ltr'><strong>modos·</strong></span> 
     </span>
     <span class='ocr_line' id='line_1_10' title="bbox 138 780 1378 846; baseline 0.001 -17"><span class='ocrx_word' id='word_1_54' title='bbox 138 780 314 844; x_wconf 85' lang='lat' dir='ltr'>Deque</span> <span class='ocrx_word' id='word_1_55' title='bbox 334 784 435 829; x_wconf 87' lang='lat' dir='ltr'><strong>viro</strong></span> <span class='ocrx_word' id='word_1_56' title='bbox 455 783 538 830; x_wconf 81' lang='lat' dir='ltr'><strong>fias</strong></span> <span class='ocrx_word' id='word_1_57' title='bbox 560 799 646 831; x_wconf 88' lang='lat' dir='ltr'><strong>nec</strong></span> <span class='ocrx_word' id='word_1_58' title='bbox 666 784 850 839; x_wconf 86' lang='lat' dir='ltr'><strong>femina,</strong></span> <span class='ocrx_word' id='word_1_59' title='bbox 874 799 961 831; x_wconf 87' lang='lat' dir='ltr'><strong>nec</strong></span> <span class='ocrx_word' id='word_1_60' title='bbox 982 786 1065 839; x_wconf 85' lang='lat' dir='ltr'><strong>vir,</strong></span> <span class='ocrx_word' id='word_1_61' title='bbox 1091 791 1143 830; x_wconf 91' lang='lat' dir='ltr'><strong>ut</strong></span> <span class='ocrx_word' id='word_1_62' title='bbox 1166 785 1308 846; x_wconf 79' lang='lat' dir='ltr'><strong>Attys</strong></span> <span class='ocrx_word' id='word_1_63' title='bbox 1323 799 1343 842; x_wconf 71' lang='grc' dir='ltr'><strong><em>ς</em></strong></span> <span class='ocrx_word' id='word_1_64' title='bbox 1369 816 1378 824; x_wconf 83' lang='lat'><strong>·</strong></span> 
     </span>
     <span class='ocr_line' id='line_1_11' title="bbox 207 847 1201 912; baseline 0.002 -18"><span class='ocrx_word' id='word_1_65' title='bbox 207 847 278 895; x_wconf 85' lang='lat' dir='ltr'><strong>Et</strong></span> <span class='ocrx_word' id='word_1_66' title='bbox 298 850 473 911; x_wconf 76' lang='lat' dir='ltr'><strong>quatias</strong></span> <span class='ocrx_word' id='word_1_67' title='bbox 495 850 622 896; x_wconf 87' lang='lat' dir='ltr'><strong>molli</strong></span> <span class='ocrx_word' id='word_1_68' title='bbox 644 858 864 912; x_wconf 85' lang='lat' dir='ltr'><strong>tympana</strong></span> <span class='ocrx_word' id='word_1_69' title='bbox 885 866 1023 897; x_wconf 84' lang='lat' dir='ltr'><strong>rauca</strong></span> <span class='ocrx_word' id='word_1_70' title='bbox 1045 865 1201 897; x_wconf 82' lang='lat' dir='ltr'><strong>manu.</strong></span> 
     </span>
     <span class='ocr_line' id='line_1_12' title="bbox 136 911 1301 978; baseline 0.002 -18"><span class='ocrx_word' id='word_1_71' title='bbox 136 911 294 974; x_wconf 84' lang='lat' dir='ltr'><strong>Inque</strong></span> <span class='ocrx_word' id='word_1_72' title='bbox 313 930 451 976; x_wconf 88' lang='lat' dir='ltr'><strong>pecus</strong></span> <span class='ocrx_word' id='word_1_73' title='bbox 474 913 622 962; x_wconf 77' lang='lat' dir='ltr'><strong>subitd</strong></span> <span class='ocrx_word' id='word_1_74' title='bbox 645 915 840 978; x_wconf 82' lang='lat' dir='ltr'><strong>Magnae</strong></span> <span class='ocrx_word' id='word_1_75' title='bbox 860 925 1043 964; x_wconf 82' lang='lat' dir='ltr'><strong>vertare</strong></span> <span class='ocrx_word' id='word_1_76' title='bbox 1065 915 1301 978; x_wconf 67' lang='lat' dir='ltr'><strong>Parentisz</strong></span> 
     </span>
     <span class='ocr_line' id='line_1_13' title="bbox 207 977 1233 1044; baseline 0.005 -20"><span class='ocrx_word' id='word_1_77' title='bbox 207 977 376 1026; x_wconf 83' lang='lat' dir='ltr'><strong>Victor</strong></span> <span class='ocrx_word' id='word_1_78' title='bbox 397 989 449 1027; x_wconf 90' lang='lat' dir='ltr'><strong>ut</strong></span> <span class='ocrx_word' id='word_1_79' title='bbox 470 988 543 1028; x_wconf 82' lang='lat' dir='ltr'><strong>est</strong></span> <span class='ocrx_word' id='word_1_80' title='bbox 561 982 697 1028; x_wconf 86' lang='lat' dir='ltr'><strong>celeri</strong></span> <span class='ocrx_word' id='word_1_81' title='bbox 719 984 930 1044; x_wconf 74' lang='lat' dir='ltr'><strong>victaque</strong></span> <span class='ocrx_word' id='word_1_82' title='bbox 951 997 1084 1029; x_wconf 80' lang='lat' dir='ltr'><strong>versa</strong></span> <span class='ocrx_word' id='word_1_83' title='bbox 1104 982 1233 1044; x_wconf 75' lang='lat' dir='ltr'><strong>pede.</strong></span> 
     </span>
     <span class='ocr_line' id='line_1_14' title="bbox 138 1043 1543 1109; baseline 0.003 -17"><span class='ocrx_word' id='word_1_84' title='bbox 138 1043 346 1106; x_wconf 84' lang='lat' dir='ltr'><strong>Solaq&#39;ue</strong></span> <span class='ocrx_word' id='word_1_85' title='bbox 369 1044 567 1094; x_wconf 87' lang='lat' dir='ltr'><strong>Limone</strong></span> <span class='ocrx_word' id='word_1_86' title='bbox 586 1062 770 1109; x_wconf 86' lang='lat' dir='ltr'><strong>poenam</strong></span> <span class='ocrx_word' id='word_1_87' title='bbox 793 1063 854 1095; x_wconf 87' lang='lat' dir='ltr'><strong>ne</strong></span> <span class='ocrx_word' id='word_1_88' title='bbox 876 1049 1070 1095; x_wconf 73' lang='lat' dir='ltr'><strong>senserit</strong></span> <span class='ocrx_word' id='word_1_89' title='bbox 1091 1048 1231 1104; x_wconf 86' lang='lat' dir='ltr'><strong>illam,</strong></span> <span class='ocrx_word' id='word_1_90' title='bbox 1536 1079 1543 1086; x_wconf 91' lang='lat'>-</span> 
     </span>
     <span class='ocr_line' id='line_1_15' title="bbox 206 1108 1509 1175; baseline 0 -18"><span class='ocrx_word' id='word_1_91' title='bbox 206 1108 278 1157; x_wconf 85' lang='lat' dir='ltr'><strong>Et</strong></span> <span class='ocrx_word' id='word_1_92' title='bbox 297 1117 379 1158; x_wconf 85' lang='lat' dir='ltr'><strong>tua</strong></span> <span class='ocrx_word' id='word_1_93' title='bbox 398 1111 537 1159; x_wconf 90' lang='lat' dir='ltr'><strong>dente</strong></span> <span class='ocrx_word' id='word_1_94' title='bbox 555 1111 656 1158; x_wconf 83' lang='lat' dir='ltr'><strong>fero</strong></span> <span class='ocrx_word' id='word_1_95' title='bbox 677 1115 854 1160; x_wconf 84' lang='lat' dir='ltr'><strong>viscera</strong></span> <span class='ocrx_word' id='word_1_96' title='bbox 873 1121 1028 1174; x_wconf 83' lang='lat' dir='ltr'><strong>carpat</strong></span> <span class='ocrx_word' id='word_1_97' title='bbox 1048 1125 1207 1175; x_wconf 78' lang='lat' dir='ltr'><strong>equus.</strong></span> <span class='ocrx_word' id='word_1_98' title='bbox 1400 1112 1509 1158; x_wconf 72' lang='lat'><strong>{60</strong></span> 
     </span>
     <span class='ocr_line' id='line_1_16' title="bbox 139 1174 1304 1234; baseline 0.002 -10"><span class='ocrx_word' id='word_1_99' title='bbox 139 1175 258 1232; x_wconf 88' lang='lat' dir='ltr'><strong>Aut,</strong></span> <span class='ocrx_word' id='word_1_100' title='bbox 281 1181 334 1222; x_wconf 91' lang='lat' dir='ltr'><strong>ut</strong></span> <span class='ocrx_word' id='word_1_101' title='bbox 358 1174 683 1231; x_wconf 76' lang='lat' dir='ltr'><strong>Cassandreus,</strong></span> <span class='ocrx_word' id='word_1_102' title='bbox 707 1178 893 1224; x_wconf 86' lang='lat' dir='ltr'><strong>domino</strong></span> <span class='ocrx_word' id='word_1_103' title='bbox 915 1192 1010 1225; x_wconf 90' lang='lat' dir='ltr'><strong>non</strong></span> <span class='ocrx_word' id='word_1_104' title='bbox 1034 1179 1188 1225; x_wconf 84' lang='lat' dir='ltr'><strong>mitior</strong></span> <span class='ocrx_word' id='word_1_105' title='bbox 1206 1177 1304 1234; x_wconf 73' lang='lat' dir='ltr'><strong>isso,</strong></span> 
     </span>
     <span class='ocr_line' id='line_1_17' title="bbox 208 1240 1210 1305; baseline 0 -16"><span class='ocrx_word' id='word_1_106' title='bbox 208 1241 403 1289; x_wconf 77' lang='lat' dir='ltr'><strong>Saucius</strong></span> <span class='ocrx_word' id='word_1_107' title='bbox 424 1240 607 1305; x_wconf 65' lang='lat' dir='ltr'><strong>ingesti</strong></span> <span class='ocrx_word' id='word_1_108' title='bbox 626 1242 959 1290; x_wconf 77' lang='lat' dir='ltr'><strong>contumuleris</strong></span> <span class='ocrx_word' id='word_1_109' title='bbox 973 1243 1130 1288; x_wconf 87' lang='lat' dir='ltr'><strong>humo.</strong></span> <span class='ocrx_word' id='word_1_110' title='bbox 1198 1280 1210 1289; x_wconf 78' lang='grc'><strong><em>,</em></strong></span> 
     </span>
     <span class='ocr_line' id='line_1_18' title="bbox 141 1305 1271 1369; baseline -0.002 -14"><span class='ocrx_word' id='word_1_111' title='bbox 141 1305 264 1362; x_wconf 79' lang='lat' dir='ltr'><strong>Aut,</strong></span> <span class='ocrx_word' id='word_1_112' title='bbox 285 1313 339 1354; x_wconf 87' lang='lat' dir='ltr'><strong>ut</strong></span> <span class='ocrx_word' id='word_1_113' title='bbox 360 1307 653 1362; x_wconf 73' lang='lat' dir='ltr'><strong>Abantiades,</strong></span> <span class='ocrx_word' id='word_1_114' title='bbox 677 1315 756 1354; x_wconf 60' lang='lat' dir='ltr'><strong>eut</strong></span> <span class='ocrx_word' id='word_1_115' title='bbox 779 1314 830 1353; x_wconf 90' lang='lat' dir='ltr'><strong>ut</strong></span> <span class='ocrx_word' id='word_1_116' title='bbox 854 1305 1097 1369; x_wconf 73' lang='lat' dir='ltr'><strong>Cygneius</strong></span> <span class='ocrx_word' id='word_1_117' title='bbox 1120 1308 1271 1362; x_wconf 78' lang='lat' dir='ltr'><strong>heros,</strong></span> 
     </span>
     <span class='ocr_line' id='line_1_19' title="bbox 211 1371 1234 1435; baseline -0.004 -13"><span class='ocrx_word' id='word_1_118' title='bbox 211 1371 410 1422; x_wconf 83' lang='lat' dir='ltr'><strong>Clausus</strong></span> <span class='ocrx_word' id='word_1_119' title='bbox 431 1375 480 1419; x_wconf 87' lang='lat' dir='ltr'><strong>in</strong></span> <span class='ocrx_word' id='word_1_120' title='bbox 503 1389 738 1435; x_wconf 78' lang='lat' dir='ltr'><strong>aequoreas</strong></span> <span class='ocrx_word' id='word_1_121' title='bbox 758 1373 1056 1435; x_wconf 62' lang='lat' dir='ltr'><strong>praecipiteris</strong></span> <span class='ocrx_word' id='word_1_122' title='bbox 1077 1386 1234 1432; x_wconf 78' lang='lat' dir='ltr'><strong>aquas.</strong></span> 
     </span>
     <span class='ocr_line' id='line_1_20' title="bbox 138 1437 1270 1493; baseline -0.004 -4"><span class='ocrx_word' id='word_1_123' title='bbox 138 1437 352 1489; x_wconf 76' lang='lat' dir='ltr'><strong>Victima</strong></span> <span class='ocrx_word' id='word_1_124' title='bbox 371 1439 447 1487; x_wconf 78' lang='lat' dir='ltr'><strong>vel</strong></span> <span class='ocrx_word' id='word_1_125' title='bbox 470 1439 650 1488; x_wconf 84' lang='lat' dir='ltr'><strong>Phoebo</strong></span> <span class='ocrx_word' id='word_1_126' title='bbox 673 1453 823 1487; x_wconf 75' lang='lat' dir='ltr'><strong>sacras</strong></span> <span class='ocrx_word' id='word_1_127' title='bbox 840 1439 1052 1486; x_wconf 78' lang='lat' dir='ltr'><strong>macteris</strong></span> <span class='ocrx_word' id='word_1_128' title='bbox 1075 1438 1132 1485; x_wconf 85' lang='lat' dir='ltr'><strong>ad</strong></span> <span class='ocrx_word' id='word_1_129' title='bbox 1155 1451 1270 1493; x_wconf 75' lang='lat' dir='ltr'><strong>aras,</strong></span> 
     </span>
     <span class='ocr_line' id='line_1_21' title="bbox 210 1494 1339 1561; baseline -0.001 -9"><span class='ocrx_word' id='word_1_130' title='bbox 210 1505 367 1561; x_wconf 80' lang='lat' dir='ltr'><strong>Quam</strong></span> <span class='ocrx_word' id='word_1_131' title='bbox 383 1506 489 1552; x_wconf 83' lang='lat' dir='ltr'><strong>tulit</strong></span> <span class='ocrx_word' id='word_1_132' title='bbox 509 1503 539 1552; x_wconf 72' lang='grc' dir='ltr'>ὲ</span> <span class='ocrx_word' id='word_1_133' title='bbox 560 1520 687 1552; x_wconf 79' lang='lat' dir='ltr'><strong>saevo</strong></span> <span class='ocrx_word' id='word_1_134' title='bbox 710 1504 982 1552; x_wconf 85' lang='lat' dir='ltr'><strong>Theudotus</strong></span> <span class='ocrx_word' id='word_1_135' title='bbox 1007 1506 1139 1551; x_wconf 87' lang='lat' dir='ltr'><strong>hoste</strong></span> <span class='ocrx_word' id='word_1_136' title='bbox 1160 1494 1339 1551; x_wconf 76' lang='lat' dir='ltr'><strong>nec&#39;em·</strong></span> 
     </span>
     <span class='ocr_line' id='line_1_22' title="bbox 138 1570 1115 1624; baseline -0.005 -4"><span class='ocrx_word' id='word_1_137' title='bbox 138 1570 246 1620; x_wconf 80' lang='lat' dir='ltr'><strong>Aut</strong></span> <span class='ocrx_word' id='word_1_138' title='bbox 266 1576 316 1617; x_wconf 89' lang='lat' dir='ltr'><strong>te</strong></span> <span class='ocrx_word' id='word_1_139' title='bbox 332 1571 554 1619; x_wconf 81' lang='lat' dir='ltr'><strong>devoveat</strong></span> <span class='ocrx_word' id='word_1_140' title='bbox 576 1572 712 1619; x_wconf 85' lang='lat' dir='ltr'><strong>certis</strong></span> <span class='ocrx_word' id='word_1_141' title='bbox 736 1570 923 1618; x_wconf 84' lang='lat' dir='ltr'><strong>Abdera</strong></span> <span class='ocrx_word' id='word_1_142' title='bbox 944 1571 1115 1624; x_wconf 84' lang='lat' dir='ltr'><strong>diebus,</strong></span> 
     </span>
     <span class='ocr_line' id='line_1_23' title="bbox 211 1636 1258 1699; baseline 0 -17"><span class='ocrx_word' id='word_1_143' title='bbox 211 1636 425 1696; x_wconf 77' lang='lat' dir='ltr'><strong>Saxaque</strong></span> <span class='ocrx_word' id='word_1_144' title='bbox 446 1637 661 1683; x_wconf 81' lang='lat' dir='ltr'><strong>devotum</strong></span> <span class='ocrx_word' id='word_1_145' title='bbox 685 1636 910 1699; x_wconf 82' lang='lat' dir='ltr'><strong>grandine</strong></span> <span class='ocrx_word' id='word_1_146' title='bbox 934 1636 1063 1698; x_wconf 86' lang='lat' dir='ltr'><strong>plura</strong></span> <span class='ocrx_word' id='word_1_147' title='bbox 1072 1639 1258 1698; x_wconf 63' lang='lat' dir='ltr'><strong>‘petant-</strong></span> 
     </span>
     <span class='ocr_line' id='line_1_24' title="bbox 139 1699 1107 1758; baseline -0.003 -7"><span class='ocrx_word' id='word_1_148' title='bbox 139 1700 245 1751; x_wconf 81' lang='lat' dir='ltr'><strong>Aut</strong></span> <span class='ocrx_word' id='word_1_149' title='bbox 263 1699 398 1750; x_wconf 83' lang='lat' dir='ltr'><strong>Jovis</strong></span> <span class='ocrx_word' id='word_1_150' title='bbox 411 1701 569 1749; x_wconf 81' lang='lat' dir='ltr'><strong>infesti</strong></span> <span class='ocrx_word' id='word_1_151' title='bbox 589 1703 683 1749; x_wconf 89' lang='lat' dir='ltr'><strong>telo</strong></span> <span class='ocrx_word' id='word_1_152' title='bbox 704 1703 869 1750; x_wconf 84' lang='lat' dir='ltr'><strong>feriare</strong></span> <span class='ocrx_word' id='word_1_153' title='bbox 891 1703 1077 1749; x_wconf 76' lang='lat' dir='ltr'><strong>trisulco</strong></span> <span class='ocrx_word' id='word_1_154' title='bbox 1093 1718 1107 1758; x_wconf 80' lang='lat'>3</span> 
     </span>
     <span class='ocr_line' id='line_1_25' title="bbox 211 1761 1506 1830; baseline -0.002 -15"><span class='ocrx_word' id='word_1_155' title='bbox 211 1766 285 1815; x_wconf 89' lang='lat' dir='ltr'><strong>Ut</strong></span> <span class='ocrx_word' id='word_1_156' title='bbox 306 1774 433 1814; x_wconf 83' lang='lat' dir='ltr'><strong>satus</strong></span> <span class='ocrx_word' id='word_1_157' title='bbox 457 1766 719 1830; x_wconf 72' lang='lat' dir='ltr'><strong>Hipponiio,</strong></span> <span class='ocrx_word' id='word_1_158' title='bbox 745 1766 1088 1829; x_wconf 67' lang='lat' dir='ltr'><strong>Dositlioi³sque</strong></span> <span class='ocrx_word' id='word_1_159' title='bbox 1108 1772 1254 1828; x_wconf 85' lang='lat' dir='ltr'><strong>pater.</strong></span> <span class='ocrx_word' id='word_1_160' title='bbox 1405 1761 1506 1813; x_wconf 73' lang='lat'><strong>4⁸10</strong></span> 
     </span>
     <span class='ocr_line' id='line_1_26' title="bbox 148 1831 1367 1894; baseline -0.004 -12"><span class='ocrx_word' id='word_1_161' title='bbox 148 1831 225 1882; x_wconf 86' lang='lat' dir='ltr'><strong>Ut</strong></span> <span class='ocrx_word' id='word_1_162' title='bbox 247 1848 378 1880; x_wconf 84' lang='lat' dir='ltr'><strong>soror</strong></span> <span class='ocrx_word' id='word_1_163' title='bbox 398 1833 652 1888; x_wconf 68' lang='lat' dir='ltr'><strong>Autonoes,</strong></span> <span class='ocrx_word' id='word_1_164' title='bbox 679 1842 731 1880; x_wconf 91' lang='lat' dir='ltr'><strong>ut</strong></span> <span class='ocrx_word' id='word_1_165' title='bbox 752 1835 825 1880; x_wconf 83' lang='lat' dir='ltr'><strong>cu&#39;i</strong></span> <span class='ocrx_word' id='word_1_166' title='bbox 848 1844 1091 1880; x_wconf 77' lang='lat' dir='ltr'><strong>matertera</strong></span> <span class='ocrx_word' id='word_1_167' title='bbox 1116 1831 1248 1894; x_wconf 84' lang='lat' dir='ltr'><strong>Maja</strong></span> <span class='ocrx_word' id='word_1_168' title='bbox 1268 1833 1367 1878; x_wconf 72' lang='lat' dir='ltr'><strong>estt</strong></span> 
     </span>
     <span class='ocr_line' id='line_1_27' title="bbox 213 1896 1245 1962; baseline -0.001 -17"><span class='ocrx_word' id='word_1_169' title='bbox 213 1897 285 1946; x_wconf 90' lang='lat' dir='ltr'><strong>Ut</strong></span> <span class='ocrx_word' id='word_1_170' title='bbox 307 1904 480 1947; x_wconf 84' lang='lat' dir='ltr'><strong>temere</strong></span> <span class='ocrx_word' id='word_1_171' title='bbox 500 1905 681 1962; x_wconf 87' lang='lat' dir='ltr'><strong>optatos</strong></span> <span class='ocrx_word' id='word_1_172' title='bbox 703 1899 779 1961; x_wconf 89' lang='lat' dir='ltr'><strong>qui</strong></span> <span class='ocrx_word' id='word_1_173' title='bbox 803 1896 924 1945; x_wconf 71' lang='lat' dir='ltr'><strong>male</strong></span> <span class='ocrx_word' id='word_1_174' title='bbox 948 1900 1066 1946; x_wconf 85' lang='lat' dir='ltr'><strong>rexit</strong></span> <span class='ocrx_word' id='word_1_175' title='bbox 1087 1912 1245 1959; x_wconf 82' lang='lat' dir='ltr'><strong>equos.</strong></span> 
     </span>
     <span class='ocr_line' id='line_1_28' title="bbox 145 1962 1331 2025; baseline -0.003 -12"><span class='ocrx_word' id='word_1_176' title='bbox 145 1962 222 2013; x_wconf 83' lang='lat' dir='ltr'><strong>Ut</strong></span> <span class='ocrx_word' id='word_1_177' title='bbox 241 1964 371 2011; x_wconf 83' lang='lat' dir='ltr'><strong>ferus</strong></span> <span class='ocrx_word' id='word_1_178' title='bbox 394 1964 619 2019; x_wconf 56' lang='lat' dir='ltr'><strong>AEolide&amp;</strong></span> <span class='ocrx_word' id='word_1_179' title='bbox 643 1973 702 2013; x_wconf 80' lang='lat' dir='ltr'><strong>ut</strong></span> <span class='ocrx_word' id='word_1_180' title='bbox 716 1966 942 2025; x_wconf 67' lang='lat' dir='ltr'><strong>sanguine</strong></span> <span class='ocrx_word' id='word_1_181' title='bbox 961 1975 1114 2011; x_wconf 85' lang='lat' dir='ltr'><strong>cretus</strong></span> <span class='ocrx_word' id='word_1_182' title='bbox 1129 1963 1331 2017; x_wconf 87' lang='lat' dir='ltr'><strong>eodem,-</strong></span> 
     </span>
     <span class='ocr_line' id='line_1_29' title="bbox 214 2025 1437 2091; baseline -0.003 -15"><span class='ocrx_word' id='word_1_183' title='bbox 214 2029 326 2084; x_wconf 81' lang='lat' dir='ltr'><strong>Quo</strong></span> <span class='ocrx_word' id='word_1_184' title='bbox 347 2031 505 2091; x_wconf 85' lang='lat' dir='ltr'><strong>genita</strong></span> <span class='ocrx_word' id='word_1_185' title='bbox 516 2039 599 2085; x_wconf 85' lang='lat' dir='ltr'><strong>est,</strong></span> <span class='ocrx_word' id='word_1_186' title='bbox 623 2031 805 2091; x_wconf 82' lang='lat' dir='ltr'><strong>liquidis</strong></span> <span class='ocrx_word' id='word_1_187' title='bbox 827 2044 932 2091; x_wconf 78' lang='lat' dir='ltr'><strong>quae</strong></span> <span class='ocrx_word' id='word_1_188' title='bbox 954 2037 1079 2077; x_wconf 85' lang='lat' dir='ltr'><strong>caret</strong></span> <span class='ocrx_word' id='word_1_189' title='bbox 1102 2030 1273 2076; x_wconf 85' lang='lat' dir='ltr'><strong>Arctos</strong></span> <span class='ocrx_word' id='word_1_190' title='bbox 1295 2025 1437 2088; x_wconf 81' lang='lat' dir='ltr'><strong>aquis.</strong></span> 
     </span>
     <span class='ocr_line' id='line_1_30' title="bbox 147 2091 1437 2158; baseline -0.003 -14"><span class='ocrx_word' id='word_1_191' title='bbox 147 2095 223 2144; x_wconf 92' lang='lat' dir='ltr'><strong>Ut</strong></span> <span class='ocrx_word' id='word_1_192' title='bbox 246 2094 445 2142; x_wconf 81' lang='lat' dir='ltr'><strong>Macedo</strong></span> <span class='ocrx_word' id='word_1_193' title='bbox 467 2096 631 2158; x_wconf 85' lang='lat' dir='ltr'><strong>rapidis</strong></span> <span class='ocrx_word' id='word_1_194' title='bbox 655 2097 747 2143; x_wconf 87' lang='lat' dir='ltr'><strong>icta</strong></span> <span class='ocrx_word' id='word_1_195' title='bbox 768 2104 838 2142; x_wconf 88' lang='lat' dir='ltr'><strong>est</strong></span> <span class='ocrx_word' id='word_1_196' title='bbox 855 2110 960 2143; x_wconf 88' lang='lat' dir='ltr'><strong>cum</strong></span> <span class='ocrx_word' id='word_1_197' title='bbox 983 2096 1182 2158; x_wconf 78' lang='lat' dir='ltr'><strong>conjuge</strong></span> <span class='ocrx_word' id='word_1_198' title='bbox 1205 2091 1437 2151; x_wconf 50' lang='lat' dir='ltr'><strong>flaminia</strong></span> 
     </span>
     <span class='ocr_line' id='line_1_31' title="bbox 216 2160 1227 2225; baseline -0.002 -17"><span class='ocrx_word' id='word_1_199' title='bbox 216 2161 309 2215; x_wconf 87' lang='lat' dir='ltr'><strong>Sic,</strong></span> <span class='ocrx_word' id='word_1_200' title='bbox 332 2175 506 2222; x_wconf 86' lang='lat' dir='ltr'><strong>precor,</strong></span> <span class='ocrx_word' id='word_1_201' title='bbox 532 2162 705 2208; x_wconf 81' lang='lat' dir='ltr'><strong>aetherii</strong></span> <span class='ocrx_word' id='word_1_202' title='bbox 729 2162 923 2209; x_wconf 82' lang='lat' dir='ltr'><strong>vindicis</strong></span> <span class='ocrx_word' id='word_1_203' title='bbox 944 2162 1055 2225; x_wconf 86' lang='lat' dir='ltr'><strong>igne</strong></span> <span class='ocrx_word' id='word_1_204' title='bbox 1076 2160 1227 2207; x_wconf 83' lang='lat' dir='ltr'><strong>cadas.</strong></span> 
     </span>
     <span class='ocr_line' id='line_1_32' title="bbox 146 2225 1251 2288; baseline -0.002 -14"><span class='ocrx_word' id='word_1_205' title='bbox 146 2225 374 2274; x_wconf 80' lang='lat' dir='ltr'><strong>Praedave</strong></span> <span class='ocrx_word' id='word_1_206' title='bbox 395 2227 459 2273; x_wconf 76' lang='lat' dir='ltr'><strong>sis</strong></span> <span class='ocrx_word' id='word_1_207' title='bbox 479 2227 581 2278; x_wconf 74' lang='lat' dir='ltr'><strong>illis.</strong></span> <span class='ocrx_word' id='word_1_208' title='bbox 605 2228 766 2288; x_wconf 85' lang='lat' dir='ltr'><strong>quibus</strong></span> <span class='ocrx_word' id='word_1_209' title='bbox 787 2236 857 2274; x_wconf 88' lang='lat' dir='ltr'><strong>est</strong></span> <span class='ocrx_word' id='word_1_210' title='bbox 878 2226 1077 2274; x_wconf 86' lang='lat' dir='ltr'><strong>Latonia</strong></span> <span class='ocrx_word' id='word_1_211' title='bbox 1101 2225 1251 2273; x_wconf 77' lang='lat' dir='ltr'><strong>Delos</strong></span> 
     </span>
     <span class='ocr_line' id='line_1_33' title="bbox 211 2292 1169 2354; baseline 0.001 -15"><span class='ocrx_word' id='word_1_212' title='bbox 211 2292 343 2339; x_wconf 84' lang='lat' dir='ltr'><strong>Ante</strong></span> <span class='ocrx_word' id='word_1_213' title='bbox 362 2292 480 2338; x_wconf 89' lang='lat' dir='ltr'><strong>diem</strong></span> <span class='ocrx_word' id='word_1_214' title='bbox 506 2300 634 2354; x_wconf 82' lang='lat' dir='ltr'><strong>rapto</strong></span> <span class='ocrx_word' id='word_1_215' title='bbox 658 2309 750 2339; x_wconf 88' lang='lat' dir='ltr'><strong>non</strong></span> <span class='ocrx_word' id='word_1_216' title='bbox 767 2294 976 2340; x_wconf 85' lang='lat' dir='ltr'><strong>adeunda</strong></span> <span class='ocrx_word' id='word_1_217' title='bbox 996 2292 1169 2340; x_wconf 82' lang='lat' dir='ltr'><strong>Thaso.</strong></span> 
     </span>
     <span class='ocr_line' id='line_1_34' title="bbox 147 2355 1321 2420; baseline 0.001 -17"><span class='ocrx_word' id='word_1_218' title='bbox 147 2355 337 2419; x_wconf 80' lang='lat' dir='ltr'><strong>Quique</strong></span> <span class='ocrx_word' id='word_1_219' title='bbox 357 2359 627 2405; x_wconf 82' lang='lat' dir='ltr'><strong>verecundae</strong></span> <span class='ocrx_word' id='word_1_220' title='bbox 651 2359 962 2420; x_wconf 79' lang='lat' dir='ltr'><strong>speculantem</strong></span> <span class='ocrx_word' id='word_1_221' title='bbox 986 2358 1112 2404; x_wconf 85' lang='lat' dir='ltr'><strong>labra</strong></span> <span class='ocrx_word' id='word_1_222' title='bbox 1134 2355 1321 2411; x_wconf 62' lang='lat' dir='ltr'><strong>Diana,</strong></span> 
     </span>
     <span class='ocr_line' id='line_1_35' title="bbox 205 2419 1509 2486; baseline 0.001 -17"><span class='ocrx_word' id='word_1_223' title='bbox 205 2421 391 2484; x_wconf 79' lang='lat' dir='ltr'><strong>Quique</strong></span> <span class='ocrx_word' id='word_1_224' title='bbox 415 2420 723 2486; x_wconf 84' lang='lat' dir='ltr'><strong>Crotopiaden</strong></span> <span class='ocrx_word' id='word_1_225' title='bbox 745 2424 972 2485; x_wconf 85' lang='lat' dir='ltr'><strong>diripuere</strong></span> <span class='ocrx_word' id='word_1_226' title='bbox 1000 2422 1170 2470; x_wconf 85' lang='lat' dir='ltr'><strong>Linon.</strong></span> <span class='ocrx_word' id='word_1_227' title='bbox 1406 2419 1509 2463; x_wconf 80' lang='lat'><strong>480</strong></span> 
     </span>
     <span class='ocr_line' id='line_1_36' title="bbox 145 2486 1415 2551; baseline -0.001 -16"><span class='ocrx_word' id='word_1_228' title='bbox 145 2486 289 2536; x_wconf 73' lang='lat' dir='ltr'><strong>Ne‘ve</strong></span> <span class='ocrx_word' id='word_1_229' title='bbox 303 2497 532 2541; x_wconf 73' lang='lat' dir='ltr'><strong>venenato,</strong></span> <span class='ocrx_word' id='word_1_230' title='bbox 544 2487 691 2535; x_wconf 74' lang='lat' dir='ltr'><strong>levius</strong></span> <span class='ocrx_word' id='word_1_231' title='bbox 710 2487 885 2535; x_wconf 84' lang='lat' dir='ltr'><strong>feriaris</strong></span> <span class='ocrx_word' id='word_1_232' title='bbox 909 2490 967 2535; x_wconf 81' lang='lat' dir='ltr'><strong>ab</strong></span> <span class='ocrx_word' id='word_1_233' title='bbox 988 2500 1154 2551; x_wconf 82' lang='lat' dir='ltr'><strong>angue,</strong></span> <span class='ocrx_word' id='word_1_234' title='bbox 1410 2488 1415 2493; x_wconf 88' lang='lat'>&#39;</span> 
     </span>
     <span class='ocr_line' id='line_1_37' title="bbox 217 2551 1253 2617; baseline -0.006 -13"><span class='ocrx_word' id='word_1_235' title='bbox 217 2551 373 2608; x_wconf 62' lang='lat' dir='ltr'><strong>Qudm</strong></span> <span class='ocrx_word' id='word_1_236' title='bbox 397 2555 518 2601; x_wconf 83' lang='lat' dir='ltr'><strong>senis</strong></span> <span class='ocrx_word' id='word_1_237' title='bbox 544 2555 709 2616; x_wconf 83' lang='lat' dir='ltr'><strong>OEagri</strong></span> <span class='ocrx_word' id='word_1_238' title='bbox 735 2552 1059 2617; x_wconf 82' lang='lat' dir='ltr'><strong>Calliopesque</strong></span> <span class='ocrx_word' id='word_1_239' title='bbox 1080 2564 1253 2601; x_wconf 81' lang='lat' dir='ltr'><strong>nurus:</strong></span> 
     </span>
     <span class='ocr_line' id='line_1_38' title="bbox 147 2608 1507 2683; baseline -0.004 -16"><span class='ocrx_word' id='word_1_240' title='bbox 147 2617 306 2678; x_wconf 68' lang='lat' dir='ltr'><strong>Quam</strong></span> <span class='ocrx_word' id='word_1_241' title='bbox 327 2633 441 2680; x_wconf 84' lang='lat' dir='ltr'><strong>puer</strong></span> <span class='ocrx_word' id='word_1_242' title='bbox 455 2617 740 2682; x_wconf 82' lang='lat' dir='ltr'><strong>Hypsipyles</strong></span> <span class='ocrx_word' id='word_1_243' title='bbox 754 2637 767 2667; x_wconf 71' lang='grc' dir='ltr'><strong>ε</strong></span> <span class='ocrx_word' id='word_1_244' title='bbox 793 2617 932 2681; x_wconf 71' lang='lat' dir='ltr'><strong>quam</strong></span> <span class='ocrx_word' id='word_1_245' title='bbox 953 2620 1033 2681; x_wconf 88' lang='lat' dir='ltr'><strong>qui</strong></span> <span class='ocrx_word' id='word_1_246' title='bbox 1054 2634 1169 2668; x_wconf 81' lang='lat' dir='ltr'><strong>cava</strong></span> <span class='ocrx_word' id='word_1_247' title='bbox 1182 2618 1357 2683; x_wconf 74' lang='lat' dir='ltr'><strong>primus</strong></span> <span class='ocrx_word' id='word_1_248' title='bbox 1372 2608 1507 2662; x_wconf 64' lang='lat' dir='ltr'><strong>acuta</strong></span> 
     </span>
     <span class='ocr_line' id='line_1_39' title="bbox 216 2683 1087 2752; baseline 0 -17"><span class='ocrx_word' id='word_1_249' title='bbox 216 2683 422 2748; x_wconf 76' lang='lat' dir='ltr'><strong>Cuspide</strong></span> <span class='ocrx_word' id='word_1_250' title='bbox 441 2687 641 2752; x_wconf 70' lang='lat' dir='ltr'><strong>suspecti</strong></span> <span class='ocrx_word' id='word_1_251' title='bbox 662 2686 825 2741; x_wconf 64' lang='lat' dir='ltr'><strong>robur!</strong></span> <span class='ocrx_word' id='word_1_252' title='bbox 843 2684 948 2739; x_wconf 73' lang='lat' dir='ltr'><strong>fixit</strong></span> <span class='ocrx_word' id='word_1_253' title='bbox 965 2685 1087 2750; x_wconf 72' lang='lat' dir='ltr'><strong>equi.</strong></span> 
     </span>
    </p>
   </div>
  </div>
 </body>
</html>
