1842 2966
307 200 403 252 104
648 196 705 244 Ρ.
735 192 969 247 OVIDII
1003 193 1307 247 NASONIS

317 330 410 383 Est
428 332 565 378 breve
585 336 816 392 praeterea,
840 330 898 376 de
917 344 1014 391 quo
1030 329 1142 376 mihi
1163 342 1372 392 quaerere
1396 342 1573 395 restat,

385 396 435 445 Si
455 397 600 452 liceat,
624 396 730 442 dixi.
776 394 915 443 Dixit
937 401 986 442 et
1005 394 1096 451 illa,
1120 394 1269 443 Licet.
1590 407 1708 454 370

212 526 219 537 s
318 459 421 513 Cur
440 462 517 510 tibi
538 477 621 524 pro
639 460 825 522 Libycis
845 461 1115 508 claudantur
1131 469 1228 508 rete
1249 460 1440 512 Leaenis

384 526 596 576 Imbelles
618 542 807 590 capreae,
831 527 1141 587 sollicitusque
1160 527 1304 589 lepus.

319 592 436 642 Non
453 594 548 650 sibi,
565 593 807 656 respondit,
831 592 969 639 silvas
990 592 1203 650 cessisse;
1227 593 1308 641 sed
1329 593 1513 654 hortos,

386 659 602 722 Arvaque
623 658 819 720 pugnaci
841 673 934 704 non
951 657 1155 704 adeunda
1174 657 1300 705 ferae·

321 722 493 773 Omnia
510 725 713 771 finierat:
741 730 902 769 tenues
925 723 1111 770 secessit
1132 722 1179 769 in
1201 725 1365 771 auras!

390 790 571 839 Mansit
593 789 733 836 odor:
757 803 915 848 posses
937 788 1053 834 scire
1072 786 1213 834 fuisse
1234 787 1406 838 Deam.

322 855 510 906 Floreat
530 862 583 901 ut
602 860 702 900 toto
723 867 906 899 carmen
923 852 1125 901 Nasonis
1145 854 1195 900 in
1217 869 1334 911 aevo,

352 959 361 966 .
390 922 579 983 Sparge,
600 933 772 981 precor,
796 918 929 965 donis
948 925 1132 980 pectora
1152 926 1308 967 nostra
1326 921 1436 968 tuis·

323 986 499 1034 Nomi:
519 984 671 1030 minus
692 982 852 1045 quarta
864 991 1043 1046 promet
1065 999 1147 1031 sua
1161 984 1310 1032 sidera
1332 984 1515 1036 Chiron

352 1101 356 1104 Α
394 1050 604 1104 Semivir,
627 1056 674 1096 et
694 1047 802 1095 flavi
824 1065 1013 1111 corpore
1032 1051 1205 1096 mixtus
1226 1052 1345 1112 equi.
1581 1060 1689 1106 :380

326 1115 491 1164 Pelion
508 1113 773 1161 Haemoniae
794 1130 928 1162 mons
949 1121 1021 1162 est
1042 1116 1258 1162 obversus
1278 1117 1327 1162 in
1351 1116 1557 1169 Austros
1575 1139 1590 1169 ς

393 1181 582 1229 Summa
601 1181 753 1227 virent
771 1181 908 1243 pinu:
939 1187 1089 1228 cetera
1106 1196 1300 1242 quercus
1321 1182 1472 1231 habet.

327 1245 601 1307 Phillyrides
616 1246 787 1293 tenuit:
812 1261 923 1295 saxo
944 1253 1067 1293 stant
1087 1252 1217 1293 antra
1235 1254 1436 1304 vetusto,

399 1310 705 1374 Quaejustum
727 1318 982 1360 memorant
1002 1312 1246 1373 incoluisse
1268 1327 1441 1373 senem.

331 1374 422 1426 Ine
442 1388 616 1434 manus,
640 1379 749 1425 olim
772 1379 989 1425 missuras
1012 1376 1218 1423 Hectora
1238 1377 1347 1435 leto,

397 1441 610 1493 Creditur
631 1444 678 1491 in
698 1444 853 1506 lyricis
874 1443 1121 1490 detinuisse
1140 1441 1301 1492 modis.

328 1508 534 1559 Venerat
554 1510 741 1557 Alcides
762 1507 923 1556 exacta,
942 1515 1069 1570 parte
1089 1508 1290 1569 laborum
1310 1525 1325 1567 ς

394 1574 622 1640 Jussaque
636 1576 863 1622 restabant
883 1575 1043 1620 ultima
1062 1571 1183 1635 pene
1202 1575 1319 1620 viro.

328 1640 462 1692 Stare
484 1641 618 1689 simul
639 1655 746 1687 casu
767 1638 924 1701 Trojae
945 1639 1035 1685 duo
1054 1638 1149 1685 fata
1167 1639 1376 1689 videres:

396 1705 525 1754 Hinc
539 1720 652 1769 puer
667 1704 894 1758 AEacides,
917 1704 1023 1766 hinc
1045 1702 1168 1752 Jove
1188 1711 1323 1753 natus
1346 1714 1459 1756 erat.
1571 1715 1677 1764 390

333 1770 524 1834 Excipit
538 1770 733 1833 hospitio
739 1772 960 1832 juvenem
985 1768 1246 1830 Philyreius
1266 1772 1429 1819 her-ose

397 1835 466 1884 Et
486 1851 690 1884 caussam
713 1833 934 1882 adventus
955 1835 1029 1882 hic
1044 1842 1190 1898 rogat,
1212 1836 1290 1883 ille
1310 1837 1462 1886 docet.

224 1959 231 1964 ,
332 1902 557 1966 Perspieit
575 1903 751 1949 interea
770 1901 943 1947 clavam
966 1901 1248 1963 spoliumque
1265 1903 1414 1950 leonis
1427 1922 1441 1951 =

396 1967 587 2032 Virque,
608 1969 684 2023 ait,
705 1968 778 2014 his
793 1967 942 2021 armis,
966 1979 1179 2029 armaque
1194 1967 1334 2030 digna
1352 1970 1471 2018 viro,

331 2034 438 2084 Nec
460 2049 523 2090 se,
546 2035 656 2097 quin
676 2034 865 2080 horrens
885 2032 1102 2079 auderent
1120 2040 1312 2095 tangere
1337 2035 1450 2083 setis

396 2099 575 2155 Vellus,
598 2098 826 2146 Achilleae
845 2098 1110 2146 continuere
1128 2113 1306 2152 manus.

330 2166 556 2228 Dumque
575 2178 717 2212 senex
737 2169 901 2211 tractat
921 2164 1170 2225 squalentia
1190 2163 1284 2212 tela
1302 2166 1522 2226 venenis;

397 2230 600 2286 Excidit,
621 2237 669 2277 et
678 2229 799 2277 laevo
817 2228 912 2277 fixa
932 2230 1098 2292 sagitta
1110 2230 1225 2293 pede
1245 2236 1329 2277 est.

330 2295 570 2361 Ingemuit
593 2291 779 2350 Chiron,
802 2296 1029 2357 traxitque
1050 2292 1079 2342 ὲ
1099 2310 1288 2358 corpore
1306 2295 1506 2345 ferrum:

400 2360 622 2424 Adgemit
642 2360 842 2416 Alcides,
867 2360 1231 2422 Haemoniusque
1244 2375 1371 2423 puer.
1567 2367 1664 2415 400

332 2425 443 2496 Ipse
463 2434 615 2474 tamen
635 2426 776 2475 lectas
798 2426 1033 2490 Pagasaeis
1049 2427 1235 2474 collibus
1256 2427 1419 2475 herbas

400 2490 661 2555 Temperat,
683 2500 732 2540 et
750 2491 879 2541 varia
897 2494 1087 2540 vulnera
1106 2492 1276 2539 mulcet
1297 2507 1400 2556 ope.

333 2555 478 2606 Virus
497 2558 614 2605 edax
634 2559 869 2622 superabat
890 2574 1054 2621 opem;
1086 2558 1355 2621 penitusque
1376 2566 1552 2623 recepta

397 2623 603 2681 Ossibus,
626 2630 674 2672 et
694 2631 793 2672 toto
813 2639 1003 2686 corpore
1022 2625 1161 2687 pestis
1181 2629 1292 2671 erat.

334 2689 570 2752 Sanguine
590 2687 813 2739 Centauri
829 2688 1040 2737 Lernaeae
1060 2689 1245 2752 sanguis
1267 2686 1496 2738 Echidnae
1623 2707 1630 2714 ⁸

400 2754 582 2805 Mixtus
597 2756 655 2804 ad
674 2756 890 2807 aunuum
902 2761 1117 2819 -tempora
1138 2754 1261 2803 nulia
1275 2753 1460 2803 dabant.
1571 2777 1578 2784 -
