1842 2966
309 142 408 188 292
480 163 486 169 -
652 129 710 181 Ρ.
742 129 977 182 ovmn
1007 130 1347 194 NAsoms‚

311 266 501 315 Numen
522 266 797 312 adorandum
819 271 919 322 est3
955 280 1049 312 non
1070 270 1122 311 ut
1142 265 1255 310 mihi
1280 264 1365 310 fiat
1384 268 1629 323 amicum,

376 332 469 381 Sed
490 331 549 377 sit
569 337 621 377 ut
642 331 819 386 iratum,
843 328 977 391 quam
998 328 1087 376 fuit
1108 326 1231 385 ante,
1256 329 1432 377 mimis,

315 396 477 445 Gratia
499 397 538 442 si
560 396 685 442 nulla
702 406 789 451 est,
810 396 1011 442 lacrimae
1032 396 1112 441 tibi
1137 396 1287 456 gratia
1306 394 1445 442 fient.
1542 430 1554 437 .

299 472 307 482 '
379 460 486 508 Hac
506 468 656 523 potes,⁵
673 469 751 508 aut
771 457 908 515 nulla,
930 467 1060 522 parte
1079 474 1266 506 movere
1287 458 1445 507 Deos.
1587 465 1689 509 100

314 527 439 582 Quae
460 528 539 573 tibi
561 543 620 573 ne
642 526 803 580 desint,
826 526 943 572 bene
963 540 1043 590 per
1063 525 1184 571 mala
1205 532 1365 571 nostra
1382 534 1624 574 cavetur.

379 592 554 654 Meque
572 592 673 638 viro
694 591 831 637 flendi
852 591 983 653 copia
1003 587 1130 637 dives
1152 590 1293 636 adest.

314 656 476 718 thue
496 672 613 703 meae
635 672 707 703 res
728 662 859 713 sunt3
894 656 1018 702 omni
1043 652 1200 719 (puto)
1225 662 1439 717 tempore
1462 655 1621 703 flebis.

382 722 487 770 Has
510 721 717 770 Fortuna
735 723 815 768 tibi
837 728 995 768 nostra
1014 721 1240 767 ministrat
1260 736 1385 783 opes.

318 788 369 836 Si
388 803 492 835 mea
510 801 637 836 mors
657 786 916 833 redimenda
936 786 1017 833 tua
1039 786 1184 849 (quod
1202 784 1473 846 abominor)
1499 795 1664 836 esoet·
1647 822 1667 845 ,

380 853 570 900 Admeti
592 853 770 915 conjux,
793 867 929 913 quam
953 852 1218 912 sequereris,
1242 857 1356 897 erat.

315 917 505 965 AEmula
526 917 783 979 Penelopes
802 917 948 972 fieres,
970 918 1009 963 si
1030 916 1188 963 ftaude
1206 913 1373 977 pudica

379 981 609 1029 Instantes
629 983 771 1027 velles
790 983 949 1028 fallere
972 987 1111 1044 nupta
1130 996 1308 1043 procos.

319 1047 367 1095 Si
390 1047 775 1094 comes-exstincti
797 1062 955 1094 manes
977 1061 1215 1107 sequerere
1235 1046 1401 1101 mariti,

381 1112 523 1159 Esset
542 1112 636 1158 dux
655 1111 762 1157 sacti
786 1110 1036 1159 Laodamia
1056 1112 1139 1158 mi.
1584 1117 1681 1160 110

318 1175 472 1239 Iphias
494 1184 599 1222 ante
619 1177 777 1223 oculos
797 1178 877 1224 tibi
898 1184 998 1224 erat
1016 1178 1237 1238 ponenda,
1260 1176 1437 1223 volenti

288 1263 294 1278 κ
382 1240 563 1303 Corpus
584 1242 633 1287 in
654 1255 869 1290 accensos
889 1244 1070 1289 mittere
1089 1242 1209 1289 forte
1230 1257 1383 1303 rogos.

314 1305 476 1354 Morte
497 1307 610 1353 nihil
631 1322 745 1369 opus
765 1316 850 1363 est,
874 1309 940 1353 nil
961 1305 1202 1355 Icariotide
1223 1306 1336 1353 tela:

385 1370 585 1421 Caesaris
607 1379 654 1418 at
676 1375 844 1434 conjux
865 1387 945 1418 ore
965 1373 1190 1433 precanda
1208 1379 1304 1419 tuo.

304 1437 441 1493 -Quae
460 1444 648 1500 proestat
667 1437 836 1483 virtute
857 1434 951 1490 sud,
975 1451 1034 1481 ne
1053 1437 1200 1498 prisca
1219 1444 1427 1485 vetustas

382 1502 542 1550 Laude
561 1502 792 1564 pudicitiae
814 1502 964 1549 secula
986 1511 1142 1548 nostra
1160 1509 1349 1562 premat.

317 1568 441 1625 Quae
466 1567 659 1615 Veneris
678 1566 884 1620 formam,
906 1581 1060 1613 mores
1079 1566 1278 1615 sunonis
1297 1567 1521 1623 habendo,

386 1634 497 1680 Sola
517 1640 587 1681 est
609 1632 784 1678 coelesti
807 1631 945 1693 digna
965 1639 1141 1693 reperta
1163 1639 1279 1678 toro.

320 1700 447 1754 Quid
467 1696 693 1760 trepidas⁹
725 1697 834 1756 quid
844 1696 969 1747 adire
988 1696 1150 1743 times?
1185 1711 1279 1743 non
1300 1696 1440 1758 impia
1463 1696 1677 1762 Progne*

383 1763 557 1811 Filiave
579 1762 736 1809 AEe'tae
758 1776 872 1808 voce
892 1762 1119 1809 movenda
1138 1760 1219 1808 tua
1239 1770 1343 1808 est.
1570 1769 1664 1814 lm

318 1829 424 1877 Nec
445 1842 587 1875 nurus
608 1827 821 1889 AEgypti‚
843 1842 930 1873 nec
951 1842 1076 1874 saeva
1097 1828 1463 1889 Agamemnonis
1479 1843 1632 1876 uxor·
1615 1865 1633 1889 ,

384 1894 610 1956 Scyssave,
632 1908 735 1953 quae
757 1893 963 1939 Siculas
952 1893 1140 1954 mguine
1159 1898 1301 1938 terret
1320 1907 1491 1953 aquas:

316 1959 601 2022 Telegonive
621 1973 783 2020 parens
804 1958 1032 2005 vertendis
1054 1963 1160 2003 nata
1179 1956 1373 2019 figuris;

382 2025 579 2072 Nexave
600 2025 793 2071 nodosas
814 2039 967 2086 angue
989 2022 1187 2070 Medusa
1207 2037 1374 2069 comas.

319 2083 513 2138 Femina
533 2090 613 2137 sed
621 2089 886 2149 Princeps,
921 2090 969 2135 in
990 2103 1080 2149 qua
1102 2086 1308 2134 Fortuna
1325 2088 1482 2134 videre

387 2156 449 2202 Se
469 2156 658 2216 probat,
649 2162 712 2200 et
731 2167 868 2199 eaeeae
889 2154 1077 2199 crimina
1096 2151 1210 2200 falsa
1229 2153 1347 2199 tulit.

322 2219 431 2277 Qua
452 2219 596 2265 nihil
584 2233 631 2264 in
651 2219 797 2272 terris,
820 2220 876 2265 ad
896 2218 1034 2265 finem
1059 2218 1179 2265 Solis
1199 2218 1269 2264 ab
1266 2225 1390 2273 ortu,

386 2284 580 2338 Clarius,
602 2290 793 2344 excepto
816 2281 1014 2337 Caesare,
1032 2283 1231 2330 mundus
1250 2283 1415 2330 habet.-

316 2350 494 2412 Eligito
514 2356 707 2410 tempus,
729 2355 956 2410 captatum
979 2363 1114 2410 saepe,
1137 2348 1340 2410 rogandi,

384 2414 580 2462 Haereat
598 2412 785 2460 adversa
806 2428 865 2459 ne
886 2422 965 2460 tua
986 2415 1115 2460 navis
1135 2412 1267 2474 aqua.
1564 2421 1661 2466 130

246 2524 250 2529 .
318 2482 630 2540 Nonsemper
647 2479 1013 2525 sacrasxreddunt
1034 2480 1217 2526 oracula
1235 2484 1381 2525 sortes
1397 2493 1413 2535 ;

384 2543 578 2607 Ipsaque
599 2558 692 2589 non
714 2544 837 2590 omni
857 2552 1064 2605 tempore
1081 2543 1190 2591 fana
1209 2550 1381 2606 patent.

321 2608 443 2662 cum
463 2615 607 2656 status
630 2607 771 2655 Urbis
790 2610 888 2664 erit,
909 2609 1089 2669 qualem
1110 2624 1232 2657 nunc
1253 2624 1452 2671 auguror
1474 2624 1577 2661 eoae
1590 2629 1612 2670 ς

381 2675 451 2725 Et
470 2673 622 2723 nullus
641 2674 793 2738 populi
813 2675 1053 2729 contrahet
1071 2689 1152 2722 ora
1171 2674 1330 2732 dolor-3
