1842 2966
289 154 603 207 EPIsToL.
632 155 734 205 EX
767 155 1000 206 PONTO
1032 158 1143 207 Lu.
1162 155 1232 208 H.
1260 166 1311 210 δ.
1376 161 1473 212 273

100 283 202 341 Te,
226 286 349 334 nihil
367 302 429 336 ex
448 293 565 342 acto,
587 288 676 335 nisi
696 304 790 335 non
810 287 1038 351 peccasse,
1054 289 1275 341 ferentem

184 351 371 413 Sponte
391 352 475 400 sua
493 354 690 414 probitas
711 354 1001 416 officiumque
1008 357 1190 418 juvant.

103 413 292 465 Judice
315 425 363 465 te
382 420 591 465 mercede
607 426 742 474 caret,
764 434 845 480 per
866 435 1007 481 seque
1025 422 1219 483 petenda
1236 429 1310 470 est

184 480 416 530 Externis
435 484 579 531 virtus
600 485 862 531 incomitata
881 486 1028 532 bonis.

108 544 284 609 Turpe
304 556 439 609 putas
460 549 593 611 abigi,
615 550 721 609 quia
743 550 803 596 sit
822 550 1116 606 miserandus,
1138 552 1360 611 amicum3

188 611 426 674 Quodque
448 614 506 660 sit
527 613 699 668 infelix,
722 615 926 662 desinere
947 631 1047 663 esse
1069 623 1214 664 tuum.

112 674 298 727 Mitius
319 685 391 725 est
412 679 529 726 lasso
553 679 745 741 digitum
770 695 1021 743 supponere
1043 690 1212 738 mento,

188 740 416 805 Mergere
437 741 572 805 quam
592 744 773 804 liquidis
796 761 875 791 ora
896 747 1096 794 natantis
1113 748 1255 809 aquis.
1408 752 1474 795 40

118 802 298 862 Cerne,
322 810 430 870 quid
453 808 668 856 AEacides
687 816 792 872 post
811 818 1007 857 mortem
1029 819 1217 874 praestet
1237 812 1384 860 amico
1401 830 1415 860 z

190 870 350 920 Instar
371 882 419 921 et
439 875 554 921 hanc
576 875 717 920 vitam
737 876 897 922 mortis
917 876 1082 923 habere
1102 885 1226 939 puta.

119 934 386 985 Pirithoum
409 938 616 1001 Theseus
638 939 824 1001 Stygias
846 942 1081 989 comitavit
1101 943 1159 989 ad
1181 943 1348 992 undas:

195 1002 257 1050 A*
283 1004 460 1066 Stygiis
480 1011 697 1066 quantum
716 1020 814 1052 sors
829 1021 933 1053 mea
953 1007 1089 1054 distat
1109 1007 1263 1070 aquis!

120 1067 294 1116 Adfuit
315 1070 477 1117 insano
487 1070 674 1133 juvenis
698 1068 908 1118 Pboceus
930 1071 1141 1120 Orestae:

190 1131 261 1181 Et
283 1149 387 1181 mea
407 1150 499 1182 non
520 1135 756 1182 minimum
778 1136 909 1198 culpa
927 1136 1093 1184 furoris
1114 1140 1265 1187 habet.

122 1196 202 1247 Tu
223 1214 405 1261 quoque
420 1215 690 1263 magnorum
709 1201 868 1247 laudes
886 1202 1074 1247 admitte
1094 1205 1327 1264 virorum3

195 1262 358 1326 thue
377 1263 502 1319 facis,
524 1266 667 1328 lapso,
690 1280 825 1326 quam
845 1273 988 1327 potes,
1012 1266 1136 1314 adfer
1158 1284 1306 1330 opem.

127 1327 180 1377 Si
203 1330 320 1376 bene
341 1337 388 1377 te
409 1332 516 1378 novi
538 1347 553 1388 ;
583 1332 635 1387 si,
658 1330 779 1391 quod
800 1327 925 1392 prius
946 1346 1048 1377 esse
1068 1332 1256 1389 solebas,

192 1392 337 1449 Nunc
357 1411 537 1457 quoque
558 1412 620 1450 es,
643 1403 778 1457 atque
800 1396 937 1442 animi
961 1411 1052 1442 non
1075 1397 1277 1444 cecidere
1298 1399 1391 1458 tui;
1409 1402 1476 1449 50

127 1455 246 1518 Qud
270 1459 476 1510 Fortuna
496 1463 643 1524 magis
666 1461 810 1515 saevit,
832 1460 981 1525 magis
1002 1462 1099 1524 ipse
1120 1463 1321 1513 resistisz

197 1525 356 1588 thue
376 1528 519 1584 decet,
537 1543 597 1574 ne
617 1535 665 1575 te
679 1528 841 1574 vicerit
862 1528 951 1583 illa,
975 1542 1125 1576 caves.

124 1589 196 1640 Et
214 1593 331 1640 bene
352 1594 418 1639 uti
439 1609 630 1655 pugnes,
651 1593 767 1641 bene
787 1608 999 1656 pugnans
1021 1593 1159 1641 efficit
1179 1595 1339 1643 hostis·

198 1656 280 1705 Sic
300 1658 455 1705 eadem
476 1660 661 1720 prodest
680 1674 852 1713 caussa,
880 1667 1105 1721 nocetque
1124 1660 1253 1708 mihi.

125 1720 316 1770 Scilicet
335 1723 585 1785 indignum,
599 1725 785 1786 juvenis
806 1726 1044 1779 rarissime,
1061 1725 1191 1772 ducis

192 1786 267 1836 Te
288 1787 383 1834 fieri
404 1790 617 1836 comitem
640 1791 800 1837 stantis
819 1791 869 1836 in
890 1791 999 1837 orbe
1020 1790 1157 1838 Deae.

125 1851 314 1902 Firmus
329 1869 407 1910 οὓς
432 1861 492 1909 et,
514 1855 843 1916 quoniamnon
866 1863 974 1902 sunt
994 1871 1061 1910 ea,
1084 1856 1234 1918 qualia
1254 1856 1409 1913 velles,

191 1917 315 1965 Vela
333 1920 455 1982 regis
474 1934 654 1979 quassae
674 1920 1015 1982 qualiacumque
1038 1922 1161 1968 ratis.

126 1982 343 2045 Quaeque
363 1984 428 2030 ita
448 1999 669 2031 concussa
689 1993 772 2039 est,
796 1992 849 2031 ut
862 1987 961 2047 jam
984 2001 1143 2033 casura
1162 1992 1359 2048 putetur,

196 2048 362 2096 Restat
381 2049 527 2097 adhuc
549 2051 748 2097 humeris
767 2049 881 2096 fulta
903 2051 1034 2097 ruina
1053 2052 1158 2098 tuis.
1406 2056 1476 2100 60

131 2108 215 2162 Ira
235 2114 413 2176 quidem
434 2111 581 2177 primo
604 2114 752 2162 fuerat
771 2123 852 2162 tua
862 2117 1003 2177 justa,
1027 2131 1112 2163 nec
1128 2117 1227 2179 ipso

200 2176 382 2234 Lenior,
407 2179 606 2229 offensus
627 2181 704 2240 qui
726 2181 836 2227 mihi
848 2181 956 2243 jure
975 2181 1078 2227 fuit.

136 2243 321 2306 Quique
341 2244 469 2292 dolor
489 2251 648 2307 pectus
670 2246 896 2307 tetigisset
920 2244 1118 2295 Caesaris
1139 2247 1234 2303 alti,

205 2306 339 2356 Illum
351 2310 535 2372 jurabas
557 2312 763 2373 protinus
785 2327 885 2357 esse
906 2318 1064 2358 tuumz

138 2373 213 2422 Ut
231 2382 378 2423 tamen
401 2375 552 2422 audita
571 2383 643 2422 est
665 2383 832 2423 nostrae
852 2376 934 2422 tibi
956 2377 1094 2424 cladis
1115 2377 1260 2440 origo,

204 2437 384 2486 Diceris
406 2441 563 2487 erratis
585 2441 863 2502 ingemuisse
883 2443 1014 2488 meis.
1286 2438 1299 2452 ⁸

138 2500 263 2551 Tum
284 2511 360 2551 tua
381 2520 455 2552 me
476 2502 670 2567 primum
694 2505 827 2552 solari
849 2506 981 2553 litera
996 2506 1168 2567 coepit3

207 2567 273 2615 Et
291 2569 446 2617 laesum
469 2569 592 2617 flecti
614 2586 739 2632 spem
761 2571 867 2617 dare
886 2586 1023 2632 posse
1045 2569 1218 2617 Deum.

143 2633 299 2685 Movit
311 2635 519 2682 amicitiae
539 2636 637 2682 tum
659 2643 708 2682 te
726 2636 982 2682 constantia
1000 2636 1182 2697 lon‘gae3
1506 2684 1510 2691 ,

209 2698 332 2749 Ante
350 2708 455 2749 tuos
476 2708 602 2748 ortus
624 2715 728 2764 quae
746 2701 860 2748 mihi
881 2708 1034 2764 coepta
1053 2700 1154 2749 fuit.
1412 2698 1478 2748 70
