1842 2966
595 154 1058 206 FRAGMENTA.
1398 160 1502 208 359

153 284 444 352 indulgentia
464 285 547 335 sua
567 293 742 338 avocet.
788 286 858 338 Di
871 288 994 344 boni,
1012 286 1238 350 quomodo
1251 288 1325 337 hie
1338 291 1509 340 amavit

153 369 349 402 uxorem
363 353 387 399 ἰ’
422 360 544 401 amat
562 353 716 410 filiam,
739 359 787 401 et
807 353 997 401 abdicat.
1042 353 1190 404 Dolet
1208 355 1507 418 periclitatam

150 435 269 475 esse,
292 426 341 467 et
362 420 418 467 ab
439 435 495 467 eo
512 420 703 473 abducit,
727 419 825 466 sine
840 434 932 480 quo
946 427 1087 482 negat
1101 435 1152 467 se
1166 436 1301 483 posse
1315 422 1473 470 vivere
1487 440 1501 470 z
1588 421 1597 428 “

149 486 357 548 queritur
367 484 614 548 periculum
629 485 739 547 qiua,
754 482 845 547 quii
858 500 996 546 poene
1012 486 1156 532 caruit
1171 487 1243 533 hic
1261 487 1338 547 qui
1352 502 1507 536 amare

148 547 289 598 caute
303 551 448 615 jubet.
514 548 712 597 Facilius
731 551 781 597 in
798 566 953 597 amore
967 550 1106 598 finem
1123 552 1349 614 impetres,
1367 549 1505 614 quam

151 611 358 665 modum.
424 614 561 663 Tune
582 617 665 663 hos
686 616 819 678 ponis
839 617 1071 673 terminos,
1108 623 1160 664 ut
1180 618 1292 664 nihil
1322 617 1505 675 faciant,

150 682 243 730 nisi
263 677 562 738 considerate,
586 682 698 728 nihil
717 682 998 743 promittant,
1033 683 1120 729 nisi
1143 690 1195 729 ut
1206 683 1288 747 jus
1308 680 1507 743 sactu'rh

150 748 311 796 omnia
342 748 481 795 verba
513 748 688 794 ratione
720 753 769 793 et
804 746 893 793 fide
928 748 1194 810 ponderent.
1262 747 1407 796 Senes
1441 750 1507 797 sic

153 821 328 861 amant.
394 810 549 859 Pauca
572 809 702 868 nosti,
724 819 865 874 pater,
900 814 1122 861 crimina:
1161 819 1209 860 et
1227 812 1509 876 litigavimus

151 878 412 939 aliquando,
432 884 481 925 et
496 877 776 935 decidimus3
809 885 857 924 et
876 877 1085 936 fortasse,
1107 878 1230 940 quod
1252 894 1346 926 non
1362 887 1509 942 putas,

149 944 468 1008 peJeravimus.
537 941 666 998 Quid
680 944 737 990 ad
759 951 909 1006 patres
931 945 1141 1007 pertinet,
1164 945 1288 1005 quod
1304 953 1511 998 amantes

145 1005 345 1074 Jurent?
380 1009 418 1055 si
440 1009 511 1055 vis
531 1008 727 1063 credere,
762 1024 847 1055 nec
880 1010 938 1056 ad
968 1009 1103 1057 Deos
1122 1010 1335 1074 pertinet.
1398 1010 1512 1059 Non

157 1082 231 1121 est
253 1070 375 1135 quod
393 1074 470 1120 tibi
485 1074 676 1135 placeas,
700 1088 829 1129 uxor,
847 1083 1064 1136 tanquam
1079 1076 1227 1138 prima
1239 1077 1515 1138 peccaveris.

159 1139 309 1188 Periit
331 1138 479 1200 aliqua
500 1153 604 1185 cum
636 1140 749 1193 viro,
782 1141 916 1200 periit
948 1141 1097 1201 aliqua
1128 1156 1211 1203 pro
1243 1141 1375 1190 viro!
1412 1142 1514 1190 illas

156 1212 316 1252 tamen
338 1205 485 1251 omnis
508 1211 619 1250 aetas
648 1204 901 1258 honorabit,
938 1219 1075 1251 omne
1107 1204 1348 1254 celebrabit
1378 1208 1514 1271 inge-

156 1272 304 1319 nium.
372 1268 476 1324 Fer,
506 1283 650 1321 socer,
682 1267 944 1314 felicitatem
967 1276 1108 1315 tuam.
1175 1269 1410 1331 Magnum
1432 1273 1513 1321 tibi

155 1334 295 1397 quam
320 1350 461 1397 parvo
483 1339 665 1380 constat
685 1332 972 1394 exemplum!
1010 1334 1058 1379 in
1081 1333 1302 1395 reliquum
1317 1336 1512 1400 diligen-

158 1402 303 1449 tiores
340 1399 449 1446 facti
487 1412 675 1446 sumus:
726 1412 925 1444 errorem
969 1406 1176 1445 nostrum
1216 1398 1485 1450 confitemur
1500 1422 1514 1451 ι

159 1465 392 1515 exciderat
404 1464 675 1528 jurantibus,
710 1478 813 1511 esse
832 1464 1016 1511 tertium
1039 1465 1116 1526 qui
1139 1465 1287 1528 magis
1307 1475 1481 1516 amaret
1499 1487 1512 1517 ε

161 1534 246 1588 sic,
272 1530 354 1586 Di,
380 1532 439 1578 sit
462 1545 653 1593 semper.
719 1528 985 1586 Persevera,
1010 1546 1153 1587 socer,
1178 1532 1330 1594 recipe
1348 1531 1511 1582 filiamt

164 1613 272 1660 ego,
307 1597 385 1657 qui
416 1597 614 1660 peccavi,
650 1592 789 1659 poena
805 1596 977 1658 dignus
1009 1612 1127 1644 sum.
1195 1596 1353 1650 Quare
1375 1613 1520 1647 uxore

161 1659 340 1717 necata,
364 1676 523 1709 socero
544 1676 682 1709 causa
702 1663 788 1708 sim
811 1661 1044 1708 orbitatis?
1079 1660 1330 1710 Discedam
1354 1660 1383 1710 ὂ
1404 1666 1518 1713 civi-

164 1735 294 1776 tate:
330 1726 506 1789 fugiam
527 1745 539 1774 z
576 1726 824 1774 exsulabo:
867 1733 1101 1787 utcunque
1132 1734 1307 1789 potero,
1342 1729 1519 1778 deside-

164 1794 286 1842 rium
307 1789 476 1839 misera
495 1798 543 1838 et
562 1792 731 1839 crudeli
752 1791 970 1853 patientia
988 1791 1227 1855 perferam.
1290 1792 1519 1856 Morerer,

166 1859 209 1907 si
232 1857 358 1905 solus
379 1856 626 1905 moriturus
647 1873 810 1905 essem.

235 1925 302 1972 In
310 1924 466 1971 codice
467 1924 811 1984 poematium-um
816 1930 1026 1971 veterum
1036 1919 1172 1984 long&
1183 1924 1524 2006 antiquissimo,

167 2004 314 2052 quem
343 1991 475 2066 apud
507 1989 558 2035 V.
583 1991 635 2036 C.
658 1990 858 2036 Petrum
890 1990 1176 2036 Scrivevium
1207 1991 1323 2046 vidi,
1364 1992 1525 2043 Ovtdw
1616 2050 1623 2057 ,

169 2046 260 2104 lain:
279 2069 567 2116 qngramma
589 2054 827 2100 ineditum
847 2054 1212 2110 adscribebatur‚

240 2117 352 2170 Jam
372 2118 566 2164 nitidum
585 2118 768 2180 liquidis
792 2117 994 2165 Phoebus
1007 2119 1142 2183 jubar
1162 2120 1317 2169 intulit
1335 2123 1484 2183 undis,

305 2182 560 2230 Emeritam
583 2198 810 2230 renovans
829 2181 1040 2246 Tethyos
1063 2200 1196 2232 amne
1215 2184 1380 2236 facem.

240 2248 387 2298 Astra
408 2249 530 2295 subit
551 2249 697 2296 niveis
721 2248 896 2297 Phoebe
918 2251 1136 2299 subvecta
1145 2252 1372 2314 juvencis,

315 2313 453 2361 Mitis
475 2320 522 2360 et
545 2315 733 2365 aetherio
754 2315 919 2365 labitur
943 2331 1029 2363 axe
1051 2331 1201 2379 sopor.
1403 2322 1418 2335 ·

245 2378 477 2429 Alludunt
497 2382 642 2426 teneri
663 2379 869 2426 tremulis
891 2395 996 2427 cum
1019 2383 1237 2430 matribus
1259 2385 1381 2446 agni,

313 2444 645 2506 Lacteolasque
667 2446 838 2492 animas
859 2445 1032 2494 lacteus
1054 2449 1218 2495 humor
1240 2449 1334 2499 alit.

178 2512 246 2561 In
257 2512 413 2558 eodem
431 2510 585 2559 codice
600 2510 895 2571 Argumenta
906 2512 1138 2560 librorum
1166 2514 1536 2574 Virgilianomm

177 2583 336 2626 nostro
359 2574 507 2622 etiam
528 2576 928 2630 adscribebantur,
951 2584 1006 2624 ut
1026 2586 1071 2624 et
1094 2580 1148 2625 in
1164 2580 1326 2627 Μηλιεῖς
1338 2582 1444 2631 aliis
1455 2600 1534 2631 ex-

178 2640 468 2703 emfflaribus
487 2642 692 2699 vetustis,
714 2656 824 2704 quae
844 2642 956 2691 vidi.
1007 2644 1096 2691 Sed
1108 2659 1377 2706 qureram.
1432 2651 1536 2699 De-

1252 2798 1278 2820 A
