1842 2966
599 196 980 249 FASTORUM
1013 197 1120 248 Lm
1143 199 1207 249 v.
1488 178 1594 253 103‘

221 332 457 389 Quaerere
477 331 684 386 conabar,
707 346 847 394 quare
866 332 1051 383 lascivia
1070 333 1214 396 major

294 396 391 444 His
408 396 528 444 foret
549 398 596 443 in
619 396 776 453 Ludis,
799 398 1067 458 liberiorque
1078 399 1243 459 jocust

218 463 322 511 Sed
344 462 458 509 mihi
475 465 706 521 succurrit,
730 477 900 509 numen
923 477 1015 509 non
1032 478 1135 510 esse
1155 479 1375 523 severum,

294 529 509 589 Aptaque
531 528 700 574 deliciis
720 543 910 589 munera
929 526 1049 575 ferre
1070 527 1239 575 Deam.

215 592 460 654 Tempora
479 593 682 640 sutilibus
697 594 943 654 cinguntur
964 599 1062 640 tota
1082 595 1261 641 coronis
1271 611 1290 653 ;

289 657 358 705 Et
379 658 490 704 latet
509 656 674 721 injecta
688 659 920 720 splendida
940 674 1099 706 mensa
1114 658 1231 706 rosa.

220 722 400 771 Ebrius
420 723 630 779 incimtis
648 723 825 785 philyra
839 724 1033 771 conviva
1054 724 1228 786 capillis

294 788 454 842 saltat,
477 795 524 835 et
544 789 803 850 imprudens
823 791 966 835 utitur
979 797 1076 836 arte
1095 789 1224 837 meri.

218 852 398 903 Ebrius
420 853 477 899 ad
498 854 660 899 durum
680 853 894 902 formosae
914 854 1053 901 limen
1075 856 1237 902 amicae

290 916 487 967 Cantat-
517 919 683 965 habent
702 927 854 966 unctae
875 920 1030 967 mollia
1049 927 1170 968 serta
1191 936 1352 970 comae.
1469 926 1573 972 340

216 983 374 1032 Nulla
392 982 608 1031 coronata
626 992 905 1046 peraguntur
926 986 1042 1033 seria
1060 985 1242 1040 fronte·

290 1048 396 1096 Nec
418 1040 599 1111 liquidae
619 1050 784 1099 vinctis
798 1049 912 1101 flore
931 1052 1141 1099 bibuntur
1164 1067 1311 1114 aquae.

216 1114 393 1163 Donec
414 1130 514 1162 eras
535 1115 704 1162 mixtus
720 1116 867 1171 nullis,
884 1116 1103 1173 Acheloe,
1125 1120 1347 1178 racemis;

292 1180 458 1227 Gratia
476 1181 710 1227 sumendae
730 1195 824 1227 non
846 1189 945 1229 erat
967 1182 1059 1229 ulla
1082 1198 1215 1230 rosae.

220 1245 439 1293 Bacchus
459 1253 580 1292 amat
599 1243 764 1293 flores:
802 1246 988 1294 Baccho
1009 1247 1232 1309 placuisse
1251 1264 1468 1298 coronam

289 1309 371 1358 Ex
393 1310 637 1367 Ariadnaeo
660 1312 804 1358 sidere
826 1309 960 1359 ndsse
982 1319 1124 1374 potes.

222 1376 377 1425 Scena
396 1375 510 1422 levis
533 1376 661 1423 decet
681 1378 823 1423 hanc:
851 1392 947 1424 non
960 1384 1043 1432 est,
1062 1379 1171 1424 mihi
1188 1379 1371 1436 credite,
1390 1396 1482 1433 non
1495 1389 1566 1430 est

218 1495 223 1502 ,
292 1438 381 1488 Illa
400 1442 691 1490 cothurnatas
703 1443 821 1489 inter
843 1441 1047 1490 habenda
1067 1442 1210 1490 Deas.

223 1506 383 1556 Turba
403 1505 582 1569 quidem
605 1523 686 1554 cur
707 1509 791 1555 hos
813 1508 1040 1554 celebrent
1060 1509 1314 1556 meretricia
1330 1509 1476 1567 ludos,

291 1571 406 1619 Non
429 1587 487 1619 ex
508 1572 674 1620 difficili
689 1588 848 1619 caussa
867 1573 1063 1635 petenda
1081 1574 1251 1621 subest.
1467 1578 1569 1624 350

222 1637 339 1687 Non
355 1646 426 1685 est
446 1638 502 1685 de
522 1636 707 1692 tetricis,
724 1653 817 1685 non
838 1644 910 1685 est
931 1637 987 1684 de
1008 1652 1178 1700 magna
1195 1638 1429 1701 professis:

290 1702 409 1750 Vult
429 1717 513 1762 sua
531 1703 705 1765 plebejo
726 1718 853 1750 sacra
869 1712 1026 1766 patere
1047 1704 1200 1751 choro.

223 1768 293 1818 Et
314 1774 476 1816 monet
494 1768 641 1815 aetatis
663 1769 825 1830 specie,
848 1770 957 1817 dum
978 1768 1152 1825 floreat,
1174 1770 1269 1820 utiz

291 1832 540 1892 Contemni
560 1834 750 1895 spinam,
766 1832 870 1881 cum
891 1835 1093 1882 cecidere
1112 1850 1243 1882 rosae.

230 1899 330 1951 Cur
349 1907 519 1954 tamen,
542 1905 595 1945 ut
616 1898 779 1945 dantur
798 1906 952 1950 vestes
974 1897 1235 1948 Cerealibus
1255 1900 1383 1958 albae,

292 1965 369 2012 Sic
391 1973 463 2022 est
482 1965 583 2010 haec
603 1964 729 2011 cultu
749 1965 1021 2012 versicolore
1040 1965 1205 2014 decens
1217 1965 1242 2011 ἓ

226 2030 307 2079 An
328 2030 436 2093 quia
454 2028 645 2076 maturis
665 2029 850 2076 albescit
869 2030 1032 2077 messis
1053 2031 1226 2088 aristis;

290 2095 359 2144 Et
379 2095 506 2142 color
527 2100 575 2141 et
595 2096 768 2156 species
786 2093 973 2142 floribus
994 2097 1142 2143 omnis
1162 2096 1282 2143 inest
1295 2094 1319 2140 :³

226 2160 407 2209 Adnuit
422 2177 440 2217 3
462 2166 512 2206 et
526 2161 664 2207 motis
683 2157 820 2208 flores
836 2162 1037 2208 cecidere
1058 2161 1247 2222 capillis:

292 2225 520 2274 Accidere
539 2226 588 2272 in
609 2240 787 2273 mensas
810 2235 861 2274 ut
881 2242 986 2273 rosa
1004 2227 1143 2274 missa
1162 2227 1291 2275 solet.
1466 2231 1569 2276 360

227 2291 431 2340 Lumina
451 2291 690 2346 restabant,
713 2307 904 2352 quorum
925 2307 1000 2338 me
1019 2307 1179 2339 caussa
1198 2291 1367 2340 latebat
1383 2309 1396 2340 z

292 2354 417 2406 cum
440 2356 506 2402 sic
526 2371 702 2403 errores
721 2357 905 2403 abstulit
924 2356 1001 2404 illa
1021 2372 1163 2404 meos.

227 2421 324 2470 Vel
344 2421 452 2483 quia
466 2422 700 2484 purpureis
721 2422 948 2468 collucent
961 2420 1146 2468 floribus
1167 2421 1291 2483 agri3

293 2485 495 2534 Lumina
513 2494 623 2533 sunt
635 2493 815 2533 nostros
835 2487 935 2534 visa
955 2487 1114 2534 decere
1129 2486 1251 2534 dies.

227 2550 323 2601 Vel
344 2552 452 2614 quia
472 2566 558 2599 nec
578 2551 667 2598 flos
687 2560 758 2599 est
779 2552 940 2607 hebeti,
962 2567 1048 2599 nec
1068 2551 1265 2606 flamma,
1289 2550 1468 2599 colore·
1452 2582 1471 2608 ‚

296 2616 457 2678 Atque
477 2617 665 2665 oculos'
652 2632 702 2663 m
724 2633 774 2665 se
795 2617 1006 2680 splendor
1027 2625 1215 2678 uterque
1235 2615 1402 2664 trahit·

229 2679 324 2731 Vel
345 2682 450 2745 quia
471 2682 642 2730 deliciis
662 2689 887 2732 nocturna
901 2682 1087 2732 licentia
1105 2681 1272 2730 nostris

299 2699 545 2801 Convenit.
583 2747 651 2799 A
666 2764 774 2799 vero
796 2749 929 2799 tertia
949 2762 1109 2798 caussa
1127 2747 1267 2796 venit·
