1842 2966
492 406 595 471 ,R
654 401 962 473 OVIDII
1029 372 1441 472 NASONIS

487 592 1478 723 FAsToRUM

724 798 939 848 LIBER
974 799 1257 850 SEXTUS.

322 974 373 982 .—

333 1079 435 1127 ch
458 1092 636 1141 quoque
655 1080 823 1126 mensis
844 1080 977 1126 habet
997 1076 1187 1127 dub'ias
1174 1095 1221 1127 m
1243 1080 1427 1127 nomine
1448 1083 1667 1131 caussas'.

397 1143 519 1199 Quae
540 1144 758 1206 placeant,
779 1146 939 1207 positis
961 1145 1215 1201 omnibus,
1202 1160 1299 1207 ipse
1317 1145 1461 1211 leges.

332 1208 478 1258 Facta
497 1222 685 1267 canam3
723 1210 802 1257 sed
823 1218 968 1265 erunt,
999 1211 1075 1272 qui
1097 1225 1171 1257 me
1190 1208 1377 1258 finxisse
1397 1211 1668 1272 loquantur:

394 1272 626 1337 Nullaque
645 1276 823 1322 mortali
844 1277 1032 1322 numina
1049 1275 1149 1322 visa
1166 1282 1341 1337 putent.

334 1336 429 1391 Est
449 1338 617 1387 Deus
604 1356 652 1387 ιιι
675 1342 830 1388 nobis:
870 1342 1073 1416 agitante
1092 1341 1356 1388 calescimus
1376 1341 1478 1390 illo:

400 1404 605 1469 Impetus
625 1405 698 1452 hic
721 1420 861 1453 sacrae
882 1405 1054 1452 semina
1074 1406 1238 1452 mentis
1259 1406 1407 1453 habet.

331 1470 426 1521 Fas
446 1471 556 1518 mihi
574 1468 803 1549 praecipue
824 1472 977 1519 vultus
997 1470 1162 1518 vidisse
1183 1468 1422 1518 Deorum·

395 1534 492 1585 Vel
512 1538 618 1599 quia
637 1552 738 1584 sum
758 1544 911 1593 vates3
944 1536 1019 1583 vel
1039 1536 1144 1598 quia
1162 1550 1290 1583 sacra
1309 1550 1441 1585 cano·

333 1601 428 1652 Est
448 1618 611 1652 nemus
631 1603 857 1649 arboribus
878 1572 1083 1656 d'ensum,
1105 1607 1306 1648 secretus
1326 1602 1383 1648 ab
1405 1604 1532 1650 omni

398 1665 531 1713 Voce
550 1667 691 1720 locus,
713 1667 752 1711 si
773 1680 866 1713 non
888 1667 1217 1726 obstreperetur
1237 1667 1380 1727 aquis.
1603 1672 1662 1717 10

334 1730 432 1780 Hie
454 1746 544 1793 ego
563 1731 833 1809 quaerebam,
855 1730 1005 1806 coepti
1014 1745 1117 1791 quae
1137 1731 1306 1777 mensis
1326 1732 1460 1794 origo
1629 1739 1632 1744 '

400 1793 554 1850 Esset,
577 1801 625 1842 et
644 1795 691 1841 in
714 1791 823 1841 cura
837 1794 1032 1841 nominis
1051 1795 1185 1857 hujus
1206 1810 1345 1843 eram.

334 1859 463 1912 Eece
484 1858 615 1907 Deas
636 1859 752 1907 vidi.
792 1874 884 1907 non
907 1874 1019 1921 quas
1039 1867 1288 1922 praeceptor
1307 1862 1464 1909 arandi

304 1945 312 1964 ν
401 1924 605 1980 Viderat,
623 1925 834 1972 Ascraeas
854 1921 959 1971 eum
974 1930 1235 1986 sequeretur
1255 1941 1388 1973 oves.

334 1991 441 2041 Nee
462 2004 574 2052 quas
597 1989 877 2037 Priamides
864 2003 914 2035 m
935 2003 1117 2050 aquosae
1131 1989 1322 2038 vallibus
1343 1989 1445 2039 Idae

401 2054 635 2105 Contulit:
674 2067 734 2100 ex
752 2053 839 2101 mis
861 2053 944 2100 sed
960 2060 1115 2101 tamen
1135 2069 1225 2100 una
1243 2053 1344 2103 fuit.

335 2121 417 2171 Ex
436 2120 526 2167 illis
544 2118 632 2167 fuit
651 2133 753 2172 una,
776 2119 844 2164 sui
864 2133 1083 2181 germana
1104 2120 1273 2165 mariti:

406 2184 529 2232 Haec
550 2190 659 2238 erat,
682 2184 864 2245 agnovi,
886 2185 988 2243 quae
1011 2190 1101 2230 stat
1121 2184 1167 2230 in
1190 2198 1293 2231 arce
1312 2182 1459 2233 Jovis.

337 2249 637 2303 Horrueram‚
658 2248 883 2309 tacitoque
903 2248 1104 2296 animum
1123 2249 1292 2310 pallore
1311 2248 1507 2298 fatebart

406 2312 527 2363 Cum
549 2311 670 2368 Dea,
691 2326 805 2373 quos
825 2311 947 2367 feeit,
971 2314 1150 2360 sustulit
1170 2315 1267 2375 ipsa
1287 2321 1465 2363 metus:
1588 2321 1650 2367 20

335 2379 564 2440 Namque,
587 2377 662 2432 ait,
694 2375 739 2423 Ο
761 2383 888 2424 vates
909 2376 1107 2425 Romani
1130 2378 1333 2425 conditor
1352 2382 1473 2437 anni,

405 2442 534 2490 Ause
554 2457 636 2504 per
656 2441 847 2504 exiguos
867 2457 1035 2504 magna
1057 2443 1220 2489 referre
1240 2444 1431 2503 modos;

336 2508 371 2559 J
373 2524 426 2556 us
447 2506 525 2554 tibi
545 2505 692 2552 fecisti
713 2521 879 2554 numen
902 2507 1088 2554 coeleste
1108 2507 1300 2564 videndi,

405 2569 526 2621 Cum
548 2570 715 2632 placuit
735 2572 932 2618 numeris
954 2571 1147 2619 condere
1158 2570 1275 2619 festa
1295 2573 1399 2619 tuis.

340 2638 420 2686 Ne
442 2629 594 2684 ¹tamen
614 2636 810 2698 ignores,
825 2636 1042 2698 vulgique
1062 2652 1213 2683 errore
1232 2637 1448 2695 traharis3

405 2701 571 2753 Junius
592 2698 621 2749 ὃ,
640 2709 797 2750 nostro
818 2701 1002 2751 nomine
1023 2715 1190 2750 nomen
1211 2702 1359 2750 habet.
