1842 2966
784 150 949 205 11318.
1443 161 1541 209 341

185 284 307 338 Huc
329 298 505 349 precor,
518 283 619 332 ,huc
638 292 815 349 vestras
838 301 1002 334 omnes
1021 286 1243 336 advertite
1262 294 1455 347 mentes,

256 351 328 400 Et
350 352 485 399 sinite
505 352 670 413 optatis
691 352 869 415 pondus
889 353 1043 400 inesse
1063 354 1191 401 meis.
1380 351 1385 356 ”

184 416 392 483 Ipsaque
412 423 464 464 tu
486 413 660 472 Tellus,
682 419 830 481 ipsum
854 434 959 465 cum
982 418 1194 466 fluctibus
1216 418 1411 482 AEquor,

259 481 370 545 Ipse
391 497 516 530 meas
539 482 707 530 AEther
730 485 883 547 accipe
906 497 1084 531 summe
1098 499 1282 546 preces:
1477 489 1544 536 70

187 549 459 610 Sideraque,
482 554 530 595 et
550 549 686 596 radiis
707 549 987 598 circumdata
1009 551 1130 598 Solis
1152 551 1336 614 imag03
1404 557 1415 566 ‘

261 613 503 676 Lunaque,
526 630 630 674 quae
652 625 913 677 numquam.
938 632 1029 678 quo
1050 615 1190 678 prinis,
1214 633 1294 664 ore
1314 617 1487 676 mictu
1528 653 1531 654 ν

186 679 401 741 Noxque
423 682 708 728 tenebrarum
733 682 883 743 specie
905 683 1156 729 reverenda
1177 689 1356 729 tuarum
1375 698 1391 741 3

260 745 476 807 Quaeque
498 753 644 792 ratum
667 747 829 808 triplici
852 748 1020 809 pollice
1042 749 1160 795 netis
1181 763 1325 811 opus;

189 811 385 873 Quique
405 826 488 874 per
508 810 708 859 infernas
729 813 875 859 horre·
896 813 956 860 do
978 829 1210 860 murmure
1229 813 1375 862 valles

263 874 579 941 Imperjuratae
600 878 762 925 laberis
784 879 933 927 amnis
953 894 1116 941 aquae3
1240 909 1281 925 Ι

194 941 424 1004 Quasque
444 942 598 990 ferunt
617 950 741 991 torto
763 944 937 992 vittatis
954 961 1105 1008 angue
1123 944 1297 1008 capillis

265 1006 477 1058 Carceris
501 1010 716 1058 obscuras
731 1018 839 1057 ante
861 1012 1018 1059 sedere
1040 1011 1192 1067 fores;
1414 1006 1544 1075 [que.

192 1072 303 1123 Vos
315 1089 497 1135 quoque
511 1075 637 1136 plebs
653 1075 891 1138 Superum,
913 1076 1076 1131 Fauni,
1098 1076 1355 1139 Satyrique,
1374 1072 1543 1124 Lares-

260 1138 578 1200 Fluminaqua
589 1148 636 1186 et
649 1140 836 1201 Nymph
842 1158 894 1196 ετ,
908 1139 1263 1204 semideumque
1277 1157 1453 1205 genus3
1480 1146 1547 1189 80

187 1204 416 1265 'Denique
436 1206 492 1252 ab
513 1201 699 1266 antiquo
722 1204 837 1251 Divi
859 1214 1127 1267 veteresque
1148 1207 1363 1268 novique,

262 1268 323 1318 In
345 1278 550 1332 nostrum
576 1269 729 1316 cuncti
750 1275 933 1331 tempus
954 1272 1122 1325 adeste,
1149 1269 1297 1320 Chao.

191 1335 417 1387 Carmina
439 1335 547 1382 dum
570 1334 703 1397 capiti
726 1334 938 1381 malefido
959 1335 1056 1381 dira
1077 1343 1321 1393 canuntur,

258 1401 329 1450 Et
348 1408 577 1464 peragunt
597 1408 749 1463 partes
772 1401 838 1447 ira
860 1401 1079 1461 dolorque
1101 1416 1238 1448 suas:

193 1467 405 1518 Adnuite
427 1467 592 1530 optatis
613 1481 774 1514 omnes
795 1479 856 1514 ex
878 1466 1038 1514 ordine
1058 1467 1261 1525 nostrin

261 1533 331 1583 Et
351 1548 457 1596 pars
478 1533 539 1580 sit
560 1534 653 1580 voti
676 1532 802 1580 nulla
822 1533 995 1581 caduca
1014 1533 1121 1579 mei.
1210 1546 1217 1555 ·

191 1599 411 1660 Quaeque
431 1614 605 1660 precor,
630 1596 765 1645 fiant:
807 1605 861 1646 ut
883 1612 975 1646 non
999 1614 1102 1645 mea
1123 1597 1258 1653 dicta,
1282 1596 1363 1646 sed
1384 1596 1467 1647 ffln

264 1663 514 1727 Pasiphaes
534 1665 692 1725 generi
714 1665 853 1711 verba
871 1664 1015 1713 fuisse
1036 1671 1184 1726 putet.

189 1731 419 1792 Quasque
440 1745 530 1791 ego
548 1730 768 1777 transiero
783 1743 960 1792 poenaa
984 1731 1181 1793 patiatur
1202 1737 1251 1778 et
1269 1729 1407 1779 istu:

262 1794 451 1844 Plenius
472 1795 659 1858 ingenio
683 1795 742 1842 sit
763 1797 902 1843 miser
921 1795 1000 1842 ille
1018 1810 1139 1843 meo.
1480 1798 1548 1844 90

192 1860 335 1912 Neve
356 1857 509 1908 minus
529 1861 713 1919 valeant
731 1859 891 1907 fictum
915 1860 1199 1908 exsecrantia
1220 1874 1390 1908 nomen

260 1927 402 1982 Vota,
424 1922 577 1973 minus
597 1939 794 1988 magnos
815 1934 1195 1974 commoveantve
1216 1924 1373 1974 Deos:

193 1992 338 2044 mum
360 2007 449 2055 ego
473 1992 689 2046 devoveo,
714 2008 849 2053 quem
873 1998 1007 2041 mens
1027 1992 1256 2055 intelligit,
1281 1989 1413 2050 Ibin3

264 2059 363 2114 Qui
387 2072 437 2104 se
459 2058 545 2105 scit
563 2056 697 2105 factis
720 2058 802 2106 has
823 2059 1048 2106 meruisse
1068 2072 1242 2120 preces.

190 2125 342 2175 Nulla
360 2138 491 2170 mora
510 2130 583 2170 est
603 2123 650 2170 in
666 2137 769 2181 me3
803 2139 1019 2187 peragam
1045 2132 1140 2171 rata
1162 2129 1273 2171 vota
1293 2121 1520 2171 sacerdos.

263 2189 485 2250 Quisquis
506 2189 613 2236 edes
635 2189 787 2245 sacris,
810 2205 891 2237 ore
910 2190 1077 2245 favete,
1101 2189 1231 2237 meis.

191 2255 420 2317 Quisquis
442 2254 549 2301 ades
571 2256 723 2309 sacris,
752 2255 963 2319 lugubria
984 2255 1120 2302 dicite
1139 2256 1309 2313 verba3

261 2320 329 2370 Et
349 2319 463 2367 fletu
484 2320 675 2367 madidis
698 2318 800 2367 Ibin
824 2322 945 2368 adite
968 2323 1127 2384 genis:

191 2386 527 2447 Ominibusque
545 2385 689 2441 malis,
712 2387 990 2448 pedibusque
1011 2387 1234 2434 occurrite
1253 2384 1414 2433 laevisz

261 2451 330 2501 Et
350 2452 499 2514 nigrae
522 2458 674 2498 vestes
696 2462 885 2513 corpora
906 2460 1059 2498 vestra
1080 2460 1255 2514 tegant.
1447 2451 1547 2496 100

191 2517 273 2568 Tu
294 2530 488 2580 quoque,
511 2517 619 2578 quid
641 2516 817 2564 dubitas
836 2516 1003 2564 ferales
1025 2531 1205 2564 sumere
1224 2514 1398 2565 vittas?

258 2581 368 2634 Jam
391 2589 495 2638 stat,
518 2590 570 2629 ut
590 2582 604 2627 i
709 2583 848 2639 vides,
871 2582 1045 2630 funeris
1066 2598 1144 2630 ara
1165 2582 1248 2630 tui.

196 2650 376 2714 Pompa
393 2654 550 2711 parata
569 2648 605 2694 ti
636 2648 650 2694 i
673 2653 773 2696 est:
810 2649 934 2697 votis
954 2664 1085 2696 mora
1106 2649 1312 2696 tristibus
1333 2643 1464 2696 absit·

258 2713 570 2779 Dajugulun
587 2713 761 2774 cultris,
783 2714 935 2767 hostia
953 2714 1065 2770 ὥτε,
1085 2716 1218 2827 *geis-
1264 2768 1268 2773 ,

1007 2784 1039 2828 2
1052 2794 1084 2828 e
