1842 2966
298 177 309 181 ·
344 155 441 200 228
685 147 741 200 P.
775 148 1009 199 OVIDII
1041 149 1344 204 NASONIS

345 280 437 329 Sed
458 281 593 337 labor,
618 288 663 328 et
685 297 820 339 curae‚
842 282 1112 345 fortunaque
1133 284 1335 331 moribus
1355 284 1518 349 impar
1533 305 1548 334 ε

407 345 442 394 J
444 354 630 408 ustaque
651 348 706 394 de
727 348 864 396 viduo
883 345 1001 411 pene
1022 350 1202 410 querela
1222 356 1339 398 toro.

347 410 529 459 Scilicet
549 412 748 460 adversis
767 415 963 475 probitas
986 416 1183 461 exercita
1203 415 1336 461 rebus

412 474 555 523 Tristi
575 479 805 524 materiam
829 487 1031 541 tempore
1050 480 1195 526 laudis
1216 480 1366 534 habet.
1648 483 1708 529 50

348 540 398 588 si
420 542 531 589 nihil
553 542 701 590 infesti
726 544 862 591 durus
884 544 1071 590 vidisset
1095 543 1290 602 Ulixes;

415 605 645 670 Penelope
665 608 785 663 felix,
811 609 889 655 sed
912 609 1008 655 sine
1029 608 1173 664 laude,
1196 608 1330 657 foret.

347 669 777 720 Victor¹Echionias
799 675 836 720 si
858 674 929 719 vir
949 671 1227 735 penetrasset
1249 676 1295 721 in
1318 690 1471 731 arces,
1565 671 1572 674 “

414 736 624 785 Forsitan
646 737 870 785 Evadnen
891 739 971 785 vix
991 753 1074 786 sua
1094 736 1249 786 ndsset
1269 740 1459 787 humus.

352 799 473 852 Cum
498 802 625 849 Pelia
646 809 714 849 tot
737 804 828 849 sint
846 804 1051 866 genitae3
1086 819 1166 849 cur
1188 805 1350 858 nobilis
1372 821 1472 853 una
1494 812 1570 856 eet
1584 804 1612 851 Ρ

417 868 574 931 Nupta
594 867 680 913 fuit
701 868 865 915 misero
888 883 1051 930 nempe
1072 865 1192 930 qudd
1213 884 1305 916 una
1325 872 1447 917 viro.

350 932 511 988 Effice,
534 939 584 979 ut
607 931 768 978 Iliacas
790 940 950 995 tangat
969 934 1091 995 prior
1111 934 1225 980 alter
1243 948 1403 982 arenas
1415 951 1436 992 3

417 996 662 1044 Laodamia
685 997 795 1043 nihil
817 1014 898 1044 cur
918 998 1137 1045 referatur
1156 1000 1257 1054 erit.

351 1062 419 1110 Et
440 1069 529 1117 tua,
551 1062 673 1124 quod
693 1061 889 1118 mallem,
912 1065 1054 1127 pietas
1075 1065 1234 1126 ignota
1256 1072 1480 1121 maneret,

417 1125 688 1189 Implessent
710 1129 834 1174 venti
859 1130 895 1175 si
919 1145 1020 1176 mea
1039 1130 1142 1176 vela
1162 1130 1246 1176 sui.
1635 1135 1697 1179 60

351 1191 420 1240 Di
440 1198 606 1246 tamen,
626 1199 676 1240 et
700 1190 858 1240 Caesar
878 1193 971 1242 Dis
993 1209 1238 1250 arc-cessure,
1264 1194 1344 1241 sed
1364 1194 1492 1252 olim,

417 1257 664 1319 AEquarint
687 1256 846 1320 Pylios
866 1256 971 1306 cum
994 1267 1073 1305 tua
1091 1255 1185 1307 fata
1206 1260 1302 1307 dies
1313 1277 1330 1317 3
1555 1257 1564 1262 ’

352 1321 464 1370 Non
487 1324 611 1379 mihi,
634 1324 711 1384 qui
732 1339 915 1385 poenam
937 1324 1080 1371 fateor
1102 1326 1332 1378 meruisse,
1359 1326 1440 1373 sed
1463 1325 1529 1373 illi

420 1388 611 1446 Parcite,
634 1404 737 1451 quae
761 1389 884 1438 nullo
907 1390 1045 1453 digna
1065 1390 1219 1439 dolore
1240 1390 1376 1438 dolet.

829 1582 1098 1636 ELEGIA
1132 1585 1223 1634 Vl'.

352 1714 431 1764 Τσ
453 1729 634 1777 quoque
655 1723 907 1764 nostrarum
930 1719 1156 1779 quondam
1176 1717 1339 1764 fiducia
1360 1733 1527 1773 rerum,

420 1781 515 1836 Qui
536 1783 646 1828 mihi
668 1781 946 1844 confugium,
969 1785 1044 1844 qui
1065 1776 1177 1830 mihi
1198 1790 1355 1844 portus
1378 1799 1514 1841 eras;

351 1844 430 1894 Tu
452 1844 586 1893 modo
607 1849 799 1910 suscepti
821 1863 1025 1895 caussam
1049 1849 1236 1896 dimittis
1256 1849 1403 1904 amici,

419 1911 659 1974 Officiique
678 1914 803 1974 pium
823 1920 915 1960 tam
939 1910 1030 1960 citd
1049 1915 1180 1976 ponis
1201 1929 1317 1960 onus
1331 1912 1354 1958 ἰ’

355 1975 543 2025 Sarcina
564 1993 676 2033 sum,
700 1977 875 2035 fateor3
909 1994 1045 2040 quam
1069 1980 1106 2025 si
1129 1986 1178 2026 tu
1201 1986 1404 2040 tempore
1423 1977 1535 2026 duro

420 2041 726 2103 Depositums
747 2058 858 2099 eras,
883 2059 976 2090 non
1000 2044 1228 2091 subeunda
1247 2043 1348 2090 suit.

356 2104 589 2155 Fluctibus
610 2108 659 2153 in
681 2108 839 2154 mediis
861 2123 1038 2164 navem,
1060 2108 1286 2164 Palinure,
1311 2106 1554 2170 relinquis?

421 2171 500 2218 Ne
517 2170 661 2233 fuge3
696 2187 812 2218 neve
833 2172 912 2219 tua
934 2175 993 2231 sit
1012 2175 1160 2221 minor
1180 2181 1276 2220 arte
1296 2173 1425 2220 fides.

354 2235 592 2296 Numquid
613 2236 843 2283 Achilleos
863 2239 983 2285 inter
1001 2239 1097 2286 fera
1115 2239 1275 2301 proelia
1293 2238 1372 2285 fidi

420 2300 641 2347 Deseruit
658 2301 816 2348 levitas
839 2301 1190 2352 Automedontis
1210 2319 1351 2365 equos
1362 2303 1386 2348 Ρ
1619 2305 1678 2350 10

356 2365 512 2421 Quem
535 2366 673 2413 semel
693 2367 880 2428 excepit,
903 2370 1121 2429 numquid
1144 2367 1397 2415 Podalirius
1419 2380 1539 2430 aegro

424 2429 698 2476 Promissam
720 2432 907 2480 medicae
930 2446 1030 2487 non
1044 2435 1147 2480 tulit
1166 2435 1275 2480 artis
1295 2432 1463 2495 opem?

356 2491 557 2555 Turpius
579 2495 765 2556 ejicitur,
790 2496 925 2558 quam
949 2513 1040 2545 non
1059 2499 1311 2545 admittitur
1334 2499 1508 2560 hospes.

424 2557 548 2612 Quae
566 2560 722 2619 patuit,
746 2561 919 2609 dextrae
940 2562 1070 2610 firma
1090 2564 1149 2610 sit
1169 2579 1248 2610 ara
1268 2578 1398 2610 meae·

355 2620 455 2676 Nil,
476 2622 562 2670 nisi
583 2638 657 2671 me
678 2624 836 2682 solum,
859 2624 1004 2690 primd
1025 2634 1194 2676 tutatus
1217 2643 1266 2675 es
1284 2636 1304 2675 :¹
1336 2634 1383 2676 at
1403 2640 1521 2677 nune

422 2685 510 2738 Me
528 2689 695 2753 pariter
717 2706 861 2751 serva,
873 2691 1186 2757 ,iudiciumque
1204 2699 1352 2742 tuum.
