1842 2966
266 288 428 423 Ρ.
474 304 787 422 ovum
833 353 1241 451 NASONIS

172 556 229 623 f
320 547 395 627 T
456 544 534 626 R
592 545 630 624 I
691 544 739 624 S
797 545 869 624 T
926 546 964 625 I
1025 545 1100 623 U
1158 542 1255 624 M

534 751 748 801 LIBER
780 750 1063 801 PRIMUS.

528 1034 531 1041 ¹
627 1042 892 1092 ELEGIA
927 1043 971 1092 1.

128 1176 323 1230 PAnvn,
347 1176 455 1239 (nec
476 1172 678 1234 invideo)
702 1174 800 1222 sine
816 1189 902 1229 me,
920 1172 1073 1231 Liber,
1095 1175 1177 1223 ibis
1197 1177 1246 1224 in
1261 1176 1466 1230 Urbem&
1537 1170 1541 1179 ’

169 1239 322 1304 (Hei
343 1238 487 1305 mihi)
511 1237 601 1301 quc
622 1240 805 1287 domino
827 1254 920 1287 non
942 1239 1050 1286 licet
1068 1240 1136 1287 ire
1156 1248 1251 1291 tuo.

128 1298 276 1361 Vade,
301 1306 381 1352 sed
399 1305 624 1362 incultus3
648 1305 827 1365 qualem
849 1305 981 1351 decet
1001 1305 1171 1352 exsulis
1192 1321 1315 1356 esse.

198 1364 381 1426 Infelix,
403 1370 601 1417 habitum
621 1370 837 1432 temporis
851 1369 985 1430 hujus
1003 1368 1133 1417 habe.

132 1435 239 1483 Nec
258 1442 309 1482 te
326 1449 549 1497 purpureo
564 1435 718 1482 velent
737 1433 941 1481 vaccinia
958 1431 1089 1480 fuco:

199 1493 313 1548 Non
334 1506 405 1547 est
425 1501 698 1548 conveniens
719 1499 911 1545 luctibus
932 1498 1008 1544 ille
1029 1497 1168 1545 color.

134 1566 247 1614 Nee
260 1566 418 1613 titulus
438 1566 591 1619 minio,
614 1580 700 1611 nec
722 1564 856 1611 cedro
872 1564 1026 1609 charta
1045 1569 1254 1612 notetur:

205 1627 410 1679 Candida
428 1644 513 1677 nec
534 1628 667 1691 nigra
687 1643 858 1676 cornua
873 1627 1024 1676 fronte
1106 1643 1193 1676 ras.

144 1696 320 1744 Felices
342 1701 504 1742 ornent
524 1695 623 1741 haec
644 1695 943 1741 instrumenta
960 1691 1049 1740 libe
1082 1709 1155 1742 os:
1455 1728 1466 1734 »

204 1759 422 1808 Fortunae
441 1774 688 1807 memorem
709 1767 757 1806 te
778 1759 909 1805 decet
927 1774 1027 1805 esse
1046 1773 1177 1806 meae.
1407 1762 1472 1807 10

151 1825 255 1874 Nec
274 1824 422 1888 frag-ili
443 1825 642 1887 geminae
661 1823 886 1886 poliantur
906 1823 1085 1885 pumice
1103 1824 1290 1880 frontes,

146 1941 151 1946 ⁴
207 1889 425 1939 Hirsutus
444 1890 588 1951 passis
610 1896 661 1936 ut
679 1888 860 1935 videare
879 1888 1037 1935 comis.
1268 1886 1273 1890 ’

146 1955 279 2004 Neve
296 1949 530 2002 liturarum
551 1953 732 2017 pudeat.
765 1951 860 2006 Qui
879 1953 1045 2001 viderit
1063 1952 1175 2009 illas,
1263 1957 1266 1960 '

210 2019 288 2067 De
306 2020 501 2067 lacrimis
520 2017 663 2067 factas
684 2018 849 2065 sentiet
868 2033 968 2065 esse
988 2018 1115 2065 meis.

144 2084 289 2139 Vade,
312 2083 462 2140 Liber,
482 2085 718 2147 verbisque
737 2084 851 2130 meis
864 2083 965 2130 loca
985 2090 1116 2146 grata
1137 2082 1294 2130 saluta.

218 2148 490 2212 contingam
514 2145 636 2196 certe
658 2164 747 2211 quo
767 2148 874 2194 licet
894 2148 972 2195 illa
989 2147 1117 2209 pede.

155 2214 339 2277 Siquis,-
353 2222 403 2261 ut
423 2216 471 2261 in
492 2214 676 2276 populo,
697 2214 839 2261 nostri
862 2229 954 2261 non
973 2213 1210 2260 immemor
1230 2212 1333 2268 illic,
1437 2248 1456 2258 ..

217 2279 265 2327 Si
285 2281 393 2340 quis,
416 2279 506 2340 qui,
529 2279 638 2339 quid
659 2293 804 2341 agam,
817 2275 938 2325 forte
960 2278 1169 2339 requirat,
1193 2278 1310 2335 erit3
1459 2277 1462 2284 '

126 2390 136 2397 ,
156 2343 320 2392 Vivere
339 2359 412 2390 me
432 2345 567 2399 dices,
592 2344 766 2391 salvum
788 2349 940 2391 tamen
961 2358 1062 2391 esse
1081 2341 1297 2404 negabis:
1445 2380 1454 2388 ,
1494 2380 1509 2391 ,.

217 2404 275 2455 ld
287 2424 474 2470 quoque,
497 2405 618 2470 qued
637 2410 804 2463 vivam,
826 2423 993 2456 munus
1013 2408 1175 2456 habere
1197 2404 1307 2453 Dei.
1415 2410 1481 2453 20

160 2474 386 2535 Atqueita
406 2482 453 2521 te
474 2475 649 2530 tacitus,
672 2473 893 2535 quaerenti
913 2472 1055 2552 Rlura,
1075 2471 1335 2533 legendum,

158 2583 163 2594 ,
218 2535 306 2595 Ne,
329 2539 451 2601 quod
473 2553 567 2586 non
589 2554 705 2601 opus
724 2544 807 2594 est,
824 2537 946 2602 ‘forte
967 2532 1326 2597 loquaresdabis·

160 2601 309 2653 Protin
326 2619 379 2652 us
399 2604 654 2652 admonitus
669 2608 842 2666 repetet
860 2617 964 2650 mea
981 2601 1170 2649 crimina
1185 2600 1355 2656 lecton
1439 2635 1460 2644 ..

228 2667 292 2720 Et
308 2684 497 2737 pernger
516 2668 670 2735 populi
688 2667 896 2735 publicus
915 2682 997 2718 ore
1015 2667 1135 2715 reus.
1286 2671 1292 2676 “
1447 2671 1452 2678 ’
