1842 2966
536 132 931 205 PASTORUM
962 139 1069 191 Lu.
1092 138 1155 192 V.
1432 148 1524 194 109

180 271 417 335 Prospicit
439 272 712 334 armipotens
733 272 880 333 operis
901 270 1086 333 fastigia
1105 273 1291 321 summi:

255 338 324 386 Et
343 338 717 400 probat-invictos
738 351 914 383 summa
934 337 1253 386 tenere-Deos.
1429 342 1528 388 560

180 403 419 465 Prospioit
439 403 486 448 in
507 401 676 448 foribus
697 402 889 448 diversae
909 401 1002 451 tela
1021 400 1213 463 figurae3
1460 420 1468 429 s

257 467 492 536 Armaque
512 473 730 513 terrarum
750 458 893 512 milite
913 467 1036 513 victa
1057 481 1153 512 suo.

184 532 324 580 Hine
347 532 470 579 videt
492 531 675 578 AEnean
698 538 932 577 oneratum
953 531 1152 593 pondere
1174 546 1301 579 sacro
1313 549 1332 590 3
1387 574 1392 579 .

258 597 327 644 Et
348 604 417 645 tot
440 595 583 643 Iffleae
604 596 844 643 nobilitatis
867 610 992 649 avos,

182 662 321 710 Hinc
346 662 467 709 videt
489 660 662 708 Iliaden
684 658 881 708 humeris
902 661 1029 708 ducis
1041 674 1166 709 arma
1184 661 1437 712 ferentem:

257 725 485 787 claraque
506 727 731 787 dispositis
753 732 853 773 aeta
874 727 1058 773 subesse
1080 727 1203 774 viris.

185 791 382 855 Spectat
402 799 449 837 et
471 792 687 852 Augusto
707 797 978 852 praetextum
1001 793 1184 838 nomine
1205 791 1438 854 templum,

255 856 326 903 Et
344 856 509 910 visum,
530 855 649 902 lecto
672 854 869 910 Caesare,
891 858 1037 918 majus
1059 872 1187 917 opus.

184 921 400 969 voverat
420 922 506 967 hoe
517 921 703 983 juvenis
722 927 844 975 tunc,
869 918 972 967 cum
995 923 1067 982 pia
1088 922 1270 969 sustulit
1290 936 1440 969 arma:

255 986 317 1034 A*
340 987 480 1032 tantis
502 985 721 1047 Princeps
743 985 1020 1047 incipiendus
1039 995 1147 1035 erat.
1213 1020 1216 1023 -
1428 989 1530 1036 570

183 1050 280 1099 Ille
300 1066 471 1100 manus,
482 1050 687 1105 tendens,
709 1050 814 1097 hinc
835 1052 971 1097 stanti
992 1051 1134 1100 milite
1144 1053 1287 1114 justo,
1524 1052 1528 1059 ’

254 1116 386 1163 Hinc
408 1116 664 1178 conjuratis,
681 1115 787 1165 talia
808 1116 929 1162 dicta
949 1115 1094 1163 deditx

185 1181 240 1229 Si
261 1182 375 1228 mihi
394 1181 587 1229 bellandi
607 1187 733 1243 pater
753 1187 835 1236 est,
859 1179 1107 1241 Vestaeque
1127 1183 1336 1231 sacerdos

254 1247 438 1294 Auctor
449 1264 465 1304 ;
499 1254 546 1293 et
566 1246 722 1292 ulcisci
743 1260 911 1292 numen
934 1253 1173 1307 utrumque
1191 1262 1327 1309 perot

185 1311 348 1366 Matar
365 1313 495 1369 ades3
529 1318 576 1357 et
597 1312 710 1358 satia
731 1311 949 1357 scelerato
973 1312 1192 1371 sanguine
1210 1311 1410 1359 ferrumz

259 1377 449 1438 Stetque
468 1376 597 1423 favor
617 1373 777 1422 caussa
791 1391 878 1437 —pro
900 1374 1086 1421 meliore
1107 1383 1225 1422 tuus.

189 1440 390 1504 Templa
407 1441 538 1497 feres,
562 1449 620 1497 et,
644 1456 719 1489 me
739 1442 927 1495 victore,
950 1441 1181 1487 vocaberis
1197 1439 1349 1487 Ultor.

258 1507 499 1565 Vover'at3
522 1514 568 1554 et
588 1508 690 1554 fuso
710 1507 846 1553 laetus
866 1506 923 1552 ab
938 1506 1069 1551 hoste
1090 1506 1217 1551 redit.

188 1573 302 1621 Nec
324 1573 433 1620 satis
451 1580 523 1620 est
543 1573 760 1619 meruisse
782 1569 1217 1631 semel-cognomina
1237 1568 1380 1618 Marti
1398 1589 1410 1618 z

259 1638 552 1699 Persequitur
574 1635 743 1684 Partha
763 1637 892 1698 signa
914 1642 1090 1681 retenta
1109 1650 1261 1682 manu.
1431 1638 1530 1684 580

193 1704 328 1753 Gens
348 1703 436 1749 fuit
456 1712 504 1750 et
524 1703 706 1762 campis,
729 1708 777 1747 et
797 1702 939 1761 equis,
962 1707 1009 1746 et
1028 1703 1127 1747 tuta
1149 1700 1359 1763 sagittis3

259 1767 328 1815 Et
348 1768 630 1815 circumfusis
651 1768 774 1814 invia
793 1766 1065 1813 fluminibus.

149 1845 153 1856 '
192 1833 476 1884 Addiderunt
491 1834 665 1882 animos
688 1829 957 1879 Crassorum
976 1830 1137 1877 funera
1155 1830 1318 1892 genti-3

261 1896 384 1947 Cum
405 1898 537 1960 periit
557 1897 953 1960 miles‚‹signaque,
976 1896 1156 1957 duxque
1176 1896 1323 1941 simul.

196 1964 355 2026 Signa,
378 1963 514 2010 decus
534 1961 651 2016 belli,
676 1959 871 2008 Parthus
893 1960 1103 2010 Romana
1122 1961 1335 2017 tenebat3

259 2027 576 2089 Romanaeque
595 2026 757 2087 aquilae
778 2025 965 2087 signifer
985 2026 1128 2072 hostis
1149 2030 1259 2071 erat.

191 2092 760 2155 Isque-pudormansisset
778 2092 935 2145 adhue,
960 2090 1045 2137 nisi
1065 2089 1253 2136 fortibus
1274 2088 1411 2136 armis

262 2155 463 2207 Caesaris
481 2157 702 2204 Ausoniae
722 2163 1065 2218 protegerentur
1084 2170 1206 2216 opes.

194 2223 286 2270 Ille
307 2231 439 2270 notas
459 2229 650 2276 veteres,
673 2227 720 2267 et
740 2221 867 2283 longi
889 2220 1082 2267 dedecus
1104 2220 1190 2266 aevi

262 2288 482 2335 Sustulit:
522 2284 751 2349 agnorunt
770 2287 902 2349 signa
921 2292 1099 2347 recepta
1120 2299 1239 2331 suos.
1433 2285 1533 2332 590

197 2354 325 2410 Quid
342 2353 571 2400 tibi-nunc
593 2352 738 2399 soiitae
758 2351 877 2397 mitti
896 2357 1001 2411 post
1022 2358 1150 2410 terga
1172 2346 1384 2410 sagittae?
1531 2349 1540 2354 '

265 2418 391 2472 Quid
412 2418 528 2473 loca,
549 2417 657 2478 quid
679 2417 817 2478 rapidi
839 2413 1009 2478 profuit
1028 2429 1137 2461 usus
1157 2411 1294 2472 equi?

199 2481 549 2538 Partha-refers
569 2482 768 2542 aquilas:
806 2483 953 2528 victos
965 2492 1151 2539 quoque
1170 2477 1363 2539 porrigis
1385 2490 1529 2524 arous.

266 2548 470 2610 Pignora
481 2549 580 2610 jam
601 2548 744 2595 nostri
767 2544 1091 2607 nulla·pudoris
1112 2543 1261 2592 habes.
1603 2543 1610 2552 '

201 2613 316 2662 Rite
331 2611 770 2675 Deo-templumque
791 2612 945 2659 datum
967 2622 1223 2669 nomenque
1236 2607 1305 2654 bis
1327 2606 1437 2661 ulto,

266 2678 336 2727 Et
356 2679 685 2743 meritusuvotis
707 2677 855 2726 debita
876 2673 1013 2732 solvit
1030 2676 1192 2727 honos.
1380 2680 1383 2684 ’

204 2758 312 2795 τοι..
328 2758 409 2794 111·
604 2791 607 2798 ,
764 2765 769 2772 ·
1120 2752 1150 2784 1·
