1842 2966
414 321 497 388 P.
529 314 838 427 Qvlml
868 321 1285 393 NASONIS
1383 376 1388 379 .

332 505 408 587 F
461 509 540 590 A
603 507 659 590 s
717 509 791 591 T
847 508 925 592 o
989 479 1081 593 R'
1130 511 1219 594 U
1283 512 1386 596 M

535 681 752 733 LIBER
785 684 1181 737 SECUNDUS.

173 961 350 1012 Jnms
371 963 506 1012 habet
522 962 675 1013 finem.
712 964 832 1015 Cum
854 967 1056 1017 carmine
1077 969 1241 1017 crescit
1262 974 1311 1016 et
1332 982 1495 1016 annus.

247 1029 391 1077 Alter
411 1036 462 1076 ut
483 1029 589 1078 hinc
610 1032 792 1088 mensis,
816 1032 881 1079 sic
901 1033 1014 1080 liber
1028 1032 1144 1080 alter
1164 1041 1252 1081 eat.

178 1091 329 1141 Nunc
349 1091 544 1157 primum
565 1096 692 1152 velis,
717 1095 868 1159 Elegi,
891 1098 1134 1161 majoribus
1155 1099 1262 1147 itis:

249 1156 491 1222 Exiguum
515 1159 746 1224 (memini)
770 1178 913 1224 nuper
929 1164 1066 1210 eratis
1088 1180 1216 1227 opus.

185 1220 332 1274 Certe
354 1240 445 1287 ego
468 1242 551 1273 vos
573 1227 705 1273 habui
724 1226 882 1275 faciles
902 1229 952 1274 in
973 1230 1128 1276 ambre
1149 1230 1414 1288 ministro„
1437 1244 1447 1252 ·

255 1287 378 1338 cnm
400 1290 510 1341 lusit
530 1292 733 1340 numeris
749 1293 895 1355 prima
907 1295 1104 1355 juventa
1125 1295 1233 1342 suis.

187 1353 322 1402 Idem
344 1369 472 1403 sacra
490 1373 617 1413 enno,
652 1358 1147 1421 signataquejtempora
1168 1359 1334 1407 Fastis.

254 1418 429 1482 Ecquis
452 1422 508 1469 ad
528 1423 627 1468 haec
648 1423 770 1469 illinc
792 1424 995 1470 crederet
1016 1439 1117 1471 esse
1138 1424 1295 1470 viam?

190 1483 316 1535 Haec
327 1501 431 1535 mea
444 1488 604 1538 militia
614 1496 705 1534 est:
733 1488 935 1543 ferimus,
952 1505 1057 1549 quae
1071 1504 1327 1551 possumus,
1344 1504 1490 1537 arma:

257 1550 527 1613 Dextraque
549 1568 643 1600 non
667 1553 791 1600 omni
812 1568 1002 1601 munere
1024 1561 1179 1600 nostra
1198 1561 1345 1606 vacat.
1469 1558 1533 1602 10

193 1616 246 1666 Si
265 1618 377 1665 mihi
398 1634 492 1667 non
512 1619 660 1666 valido
683 1625 954 1679 torquentur
973 1619 1064 1681 pila
1084 1619 1285 1678 lacerto}

256 1681 361 1731 Nec
382 1684 609 1731 bellatoris
629 1690 762 1747 terga
781 1692 1050 1746 premuntur
1069 1685 1199 1746 equi3

194 1746 298 1795 Nec
317 1746 449 1811 galea
469 1750 680 1812 tegimur,
702 1763 788 1797 nec
808 1757 943 1797 acuto
964 1752 1192 1813 cingimur
1212 1766 1351 1810 ense3

261 1812 379 1878 (His
401 1814 559 1864 habilis
580 1816 682 1862 telis
703 1816 889 1876 quilibet
911 1831 1012 1863 esse
1032 1814 1221 1877 potest.)

198 1879 265 1927 At
285 1885 363 1927 tua
381 1881 693 1941 prosequimur
714 1881 916 1927 studioso
939 1890 1135 1942 pectore,
1162 1878 1334 1937 Caesar,

261 1942 492 1992 Nomina:
532 1959 614 2006 per
634 1945 790 1992 titulos
811 1946 1181 2007 ingredimurque
1203 1954 1322 1997 tuos.

199 2008 330 2070 Ergo
340 2009 471 2065 ades,
493 2016 542 2056 et
560 2009 736 2072 placido
757 2010 960 2071 paullum
983 2026 1084 2066 mea
1105 2026 1295 2058 munera
1315 2011 1447 2058 vultu

261 2073 457 2136 Respice
469 2091 485 2132 3
518 2075 720 2136 pacando
741 2077 780 2123 si
801 2076 908 2137 quid
930 2077 985 2123 ab
1006 2077 1138 2123 hoste
1157 2091 1307 2124 vacas.
1333 2091 1338 2096 ·

203 2139 400 2194 Fanum
423 2135 625 2188 Romani
646 2140 800 2188 dixere
819 2141 1019 2203 piamina
1038 2148 1188 2204 patres
1210 2160 1221 2189 z

264 2204 401 2260 Nunc
415 2220 597 2266 quoque
613 2206 722 2252 dant
735 2207 873 2253 verbo
887 2207 1083 2268 plurima
1097 2208 1232 2269 signa
1244 2205 1395 2254 fidem.
1464 2210 1531 2252 20

202 2269 444 2328 Pontifices
465 2271 520 2318 ab
536 2269 679 2333 ‘Rege
697 2278 858 2333 petunt
878 2279 927 2318 et
948 2270 1155 2319 Flamina
1175 2273 1315 2328 lanas,
1341 2291 1348 2296 ¹

267 2334 382 2391 Quis
402 2336 545 2383 veteri
565 2334 723 2398 lingua
744 2336 924 2384 Februa
943 2353 1109 2384 nomen
1130 2344 1242 2385 erat.

203 2400 408 2461 Quaeque
429 2401 549 2463 capit
568 2401 701 2450 lictor
722 2401 928 2448 domibus
946 2403 1216 2465 purgamina
1236 2403 1387 2458 certis,

263 2464 452 2514 Torrida
473 2481 576 2513 cum
599 2463 717 2514 mica
735 2466 866 2521 farra,
889 2475 1110 2514 vocantur
1130 2468 1266 2514 idem.

203 2529 383 2581 Nomen
403 2532 523 2579 idem
544 2546 703 2589 ramo3
738 2533 814 2593 qui
835 2547 983 2579 caesus
1004 2533 1059 2579 ab
1081 2533 1237 2579 arbore
1257 2527 1383 2592 puni,

269 2592 406 2646 Casta
426 2596 708 2644 sacerdotum
729 2604 935 2659 tempora
952 2596 1113 2644 fronde
1134 2597 1265 2658 tegit.

208 2661 312 2727 lpse
329 2676 417 2725 ego
439 2659 733 2710 Flaminicam
754 2668 1016 2725 poscentem
1037 2661 1194 2709 februa
1213 2659 1336 2709 vidi:

273 2725 446 2776 Februa
464 2728 669 2792 poscenti
689 2728 823 2792 pinea
841 2726 975 2791 virga
995 2727 1101 2775 data
1119 2732 1205 2778 est·
