1842 2966
321 141 390 191 ss
536 102 541 109 ’
673 142 732 193 P.
761 140 998 193 ovmn
1028 143 1331 198 Nasoms

329 275 509 324 Alveus
529 274 578 322 in
598 272 709 322 limo
730 275 857 324 sil'vis
879 276 1092 340 adpulsus
1114 280 1279 342 opacis,

319 337 321 342 ’
396 338 639 388 Paullatim
659 339 802 401 fluvio
821 341 1071 399 deficiente,
1094 345 1237 392 sedet.
1594 355 1710 404 410

329 405 484 457 Arbor
504 412 626 453 erat:
665 416 901 455 remanent
921 409 1142 471 vestigia:
1170 422 1363 473 quaeque
1380 422 1587 465 vocatur
1673 452 1680 459 .

394 470 598 519 Rumina
618 487 741 520 nunc
760 472 885 528 ficus,
911 472 1114 521 Romula
1131 473 1245 523 ficus
1268 483 1377 524 erat.

327 534 473 585 Venit
490 538 550 585 ad
569 540 801 600 expositos
826 536 1037 602 (mirum)
1055 539 1162 602 lupa
1178 539 1294 589 foeta
1306 543 1557 604 gemellos.

394 600 514 658 Quis
529 604 683 651 credat
703 604 854 667 pueris
875 619 969 650 non
992 605 1199 652 nocuisse
1213 606 1382 654 feram?

333 667 448 718 Non
470 670 679 717 nocuisse
688 684 858 731 parum
880 677 973 715 est:
1001 671 1187 731 prodest
1209 686 1417 733 quoque:
1440 689 1566 736 quos
1582 677 1708 742 lupa

397 733 607 783 Prodere
619 740 831 795 cognatae
853 734 1107 781 sustinuere
1126 746 1303 784 manus.
1490 737 1700 804 [nuti-it,

329 798 564 855 Constitit,
588 806 635 847 et
656 795 798 845 cauda
818 800 987 846 teneris
1007 800 1232 849 blanditur
1246 802 1453 860 alumnis,

393 866 464 914 Et
481 864 618 927 fingit
637 860 797 924 lingua
816 879 1007 925 corpora
1023 865 1131 913 bina
1151 864 1246 913 sua.

328 931 488 980 Marte
507 937 631 977 satos
651 929 813 985 sc‘ire83
837 930 975 977 timor
991 930 1161 979 abfuit:
1189 933 1326 981 ubera
1347 934 1520 983 ducunt
1525 953 1546 996 3

395 994 501 1042 Nec
521 994 604 1042 sibi
624 995 834 1056 promissi
852 995 984 1042 lactis
999 996 1181 1045 aluntur
1196 1014 1294 1061 ope.
1588 1009 1706 1057 420

323 1059 416 1110 ma
428 1060 532 1108 loco
552 1074 721 1106 nomen
740 1059 877 1118 fecit;
898 1061 1030 1109 locus
1048 1061 1147 1125 ipse
1165 1061 1403 1127 Lupercis.

398 1125 578 1188 Magna
598 1125 695 1173 dati
711 1126 866 1172 nutrix
882 1128 1073 1188 praemia
1091 1128 1222 1176 lactis
1241 1130 1392 1178 habet.

332 1190 461 1247 Quid
480 1190 829 1239 vetat.Arcadi0
848 1193 994 1241 dictos
1012 1190 1041 1240 a
1054 1202 1212 1241 monte
1232 1193 1500 1258 Lupercos?

395 1255 585 1305 Faunus
605 1256 653 1304 in
675 1254 873 1305 Arcadia
886 1259 1060 1320 templa
1081 1257 1264 1321 Lyceus
1278 1261 1427 1309 habet.
1489 1292 1498 1301 x

329 1319 503 1384 Nupta,
526 1323 634 1385 quid
653 1323 926 1386 exspectas?
948 1338 1046 1371 non·
1062 1330 1113 1372 tu
1134 1326 1406 1387 pollentibus
1424 1327 1598 1391 herbis,

393 1385 499 1437 Nec
518 1403 666 1452 prece,
688 1404 774 1436 nec
794 1389 975 1452 magico
996 1390 1195 1437 carmine
1214 1399 1361 1440 mater
1380 1392 1485 1442 eris·

330 1453 509 1520 Excipe
527 1454 737 1505 secundae
755 1455 979 1520 patienter
997 1456 1186 1504 verbera
1205 1457 1380 1510 dextrae
1398 1476 1410 1508 ε

327 1553 332 1566 ·
392 1522 501 1573 Jam
524 1539 652 1571 socer
672 1523 815 1585 optati
835 1538 1004 1570 nomen
1026 1523 1203 1570 habebit
1223 1524 1310 1571 avi.

329 1587 458 1638 Nam
476 1589 564 1637 fuit
582 1588 661 1637 illa
682 1587 790 1641 dies,
812 1585 926 1634 dura
946 1584 1050 1634 cum
1073 1594 1197 1635 sorte
1216 1590 1393 1638 maritae

395 1653 666 1702 Reddebant
685 1652 800 1699 uteri
815 1651 1008 1714 pignora
1027 1667 1129 1698 rara
1148 1655 1233 1701 sui.
1584 1664 1701 1714 430

260 1749 265 1754 ·
331 1718 459 1775 Quid
478 1718 601 1773 mihi,
624 1717 857 1770 clamabat,
880 1717 1067 1779 prodest
1085 1719 1287 1780 rapuisse
1309 1719 1509 1781 Sabinas,

393 1783 648 1832 Romulus:
679 1782 793 1845 (hoc
802 1781 884 1829 illo
905 1787 1083 1844 sceptra
1100 1789 1287 1832 tenente
1302 1784 1413 1849 fuit)

330 1848 382 1900 si
402 1863 506 1904 mea
520 1863 613 1896 nou
628 1847 762 1903 vires,
785 1847 866 1894 sed
878 1846 1047 1895 bellum
1061 1848 1226 1912 injuria
1242 1849 1380 1911 fecit3

395 1913 570 1963 Utilius
589 1912 737 1960 fuerat
757 1927 850 1961 non
864 1913 1074 1964 babuisse
1094 1928 1251 1962 nurus.
1433 1960 1439 1966 ,

328 1978 500 2029 Monte
522 1978 605 2028 sub
625 1977 847 2039 Esquilio,
869 1978 1026 2027 multis
1045 1980 1280 2029 incaeduus
1299 1982 1443 2042 annis,

392 2044 595 2097 :Iunonis
614 2058 799 2106 maguae
818 2043 1004 2092 noufine
1023 2045 1153 2102 lucus
1173 2052 1284 2094 erat.

332 2108 448 2159 Huc
468 2110 546 2157 ubi
565 2116 802 2164 venerunt,
821 2110 993 2173 pariter
1011 2118 1257 2175 nuptaque
1275 2111 1451 2176 virique

380 2174 666 2243 ‚Suppliciter
681 2175 830 2237 posito
849 2176 1129 2238 procubuere
1148 2192 1288 2239 genu.
1373 2215 1378 2222 .

325 2236 450 2292 cam
470 2236 618 2288 subitd
639 2247 781 2288 motae
798 2247 1026 2289 tremuere
1043 2243 1279 2292 cacumina
1298 2243 1442 2303 silvae,

388 2304 458 2354 Et
479 2303 586 2353 Dea
603 2320 686 2368 per
703 2305 833 2354 lucos
851 2307 969 2354 mira
979 2306 1133 2355 locuta
1146 2321 1269 2355 suos.
1577 2318 1695 2365 440

326 2368 514 2419 Italidas
533 2376 716 2428 matres,
738 2371 895 2433 inquit,
911 2387 1047 2434 caper
1062 2373 1205 2420 hirtus
1217 2372 1347 2432 inito.

390 2433 640 2498 Obstupuit
658 2436 794 2486 dubio
812 2437 971 2486 territa
983 2437 1115 2485 turba
1129 2452 1257 2486 sono.

329 2499 498 2563 Augur
518 2506 615 2548 erat
631 2517 645 2547 ι
667 2514 834 2550 nomen
847 2501 1003 2564 longis
1012 2503 1238 2550 intercidit
1250 2503 1395 2551 annis.

397 2563 561 2628 Nuper
575 2565 632 2614 ab
654 2564 888 2616 Hetrusca
904 2574 1096 2614 venerat
1114 2565 1246 2614 exsul
1265 2569 1421 2616 humo.

332 2627 422 2678 Ine
443 2643 625 2693 caprum
640 2637 823 2679 mactat.
859 2630 1018 2680 Jussae
1047 2645 1129 2679 sua
1149 2639 1281 2694 terga
1300 2635 1477 2683 maritae

394 2693 593 2745 Pellibus
614 2698 809 2748 exsectis
826 2696 1122 2761 percutienda·
1137 2696 1315 2745 dabant.
