1842 2966
336 150 439 200 -150
674 145 744 201 R.
766 102 1015 197 ‹OVIDssl
1048 138 1352 197 NASONIS

363 277 576 330 Ut.foret
595 279 854 342 exemplum
874 279 973 326 veri
997 274 1210 327 Phoceus
1230 279 1415 336 amoris,

427 344 658 393 Fecerunt
675 343 846 405 Furiae,
870 344 1012 392 tristis
1033 344 1211 400 Oresta,
1235 352 1344 392 tuae.

360 411 413 460 si
435 426 528 459 non
550 409 785 472 Euryalus
806 410 1010 457 Rutulos
1031 411 1268 458 cecidisset
1286 411 1335 457 in
1355 410 1569 470 hosteeg

426 476 699 538 Hyrtacidae
720 476 841 523 Niso
862 476 1011 537 gloria
1031 475 1157 521 nulla
1175 474 1309 521 foret.

361 542 547 591 Scilicet
568 548 619 589 ut
638 541 816 589 fulvum
838 547 1067 603 spectatur
1087 541 1134 586 in
1157 540 1338 603 ignibus
1361 556 1556 598 aurum,

426 600 658 687 Tempore
678 609 744 656 sic
767 608 879 653 duro
901 612 974 653 est
992 606 1270 666 inspicienda
1289 604 1418 652 fides.

360 672 496 723 Dum
507 675 657 736 juvat,
680 680 727 720 et
748 672 879 719 vultu
900 672 1015 718 ridet
1038 670 1245 718 Fortuna
1265 686 1466 728 sereno;

430 738 707 787 Indelibatas
728 744 893 784 cuncta
914 744 1166 796 sequuntur
1186 751 1311 798 opes.

363 803 433 853 At
457 805 592 851 simul
611 803 842 858 intonuit,
875 802 1088 864 fugiunt·
1128 817 1213 847 nec
1235 800 1441 848 noscitur
1464 801 1568 858 uni.

431 866 709 931 Agminibus'
730 867 949 913 comitum
971 867 1048 928 qui
1071 863 1207 912 mod&
1229 866 1407 912 cinctus
1429 875 1549 915 erat.
1660 871 1721 916 ³0

361 935 521 994 Atque
542 935 640 980 haee
663 932 883 994 exemplis
903 932 1131 1009 quondam
1155 931 1344 978 collecta
1362 932 1591 1005 priorum,

428 998 571 1046 Nunc
592 998 702 1043 mihi
724 1004 831 1043 sunt
850 997 1045 1059 propriis
1066 996 1255 1059 cognita
1272 1012 1383 1044 vera
1403 990 1559 1047 ululis.

362 1063 464 1111 Vix
485 1064 575 1110 duo
596 1070 750 1108 tresve
770 1062 881 1108 mihi
904 1062 962 1110 de
982 1068 1052 1108 tot
1073 1062 1318 1123 superestis
1338 1062 1490 1111 amici.

433 1126 603 1177 Cetera
622 1126 856 1182 Fortunae,
879 1143 976 1174 non
997 1142 1112 1182 mea,
1134 1127 1267 1174 turba
1285 1128 1389 1174 suit.

320 1230 327 1237 .
364 1192 476 1250 Quo
497 1194 673 1256 magis,
683 1191 711 1240 ὃ
730 1195 875 1256 pauci,
900 1194 1034 1240 rebus
1055 1193 1305 1239 succurrite
1323 1192 1476 1256 lapsis,

431 1258 498 1307 Et
519 1260 624 1307 date
644 1258 882 1335 naufragi-o
902 1259 1036 1306 litora
1056 1264 1156 1304 tuta
1175 1272 1310 1305 meo.

367 1323 521 1375 Neve
528 1332 656 1372 metu
676 1324 792 1373 falso
815 1320 1007 1371 nimium
1027 1323 1263 1385 trepidate,
1285 1324 1514 1382 timentes,

430 1388 541 1438 Hac
562 1390 814 1438 offendatur
834 1405 894 1437 ne
912 1390 1081 1452 pietate
1102 1387 1252 1436 Deus.

367 1456 444 1507 Sae
520 1455 658 1505 fidem
680 1456 881 1505 adversis
901 1455 1038 1502 etiam
1059 1453 1296 1502 laudavit
1282 1470 1331 1501 ιιι
1352 1456 1517 1503 armis·
1501 1491 1518 1514 ‚

462 1538 582 1584 nque
604 1523 698 1572 suis
719 1529 842 1570 amat
862 1523 980 1568 hanc
1004 1519 1178 1576 Caesar,
1200 1521 1249 1567 in
1270 1522 1403 1575 hoste
1421 1521 1590 1584 probat.
1643 1528 1699 1571 40

374 1586 552 1638 Caussa
572 1604 675 1636 mea
696 1595 767 1635 est
788 1587 962 1642 melior,
985 1586 1062 1647 qui
1084 1601 1178 1633 non
1202 1588 1427 1634 contraria
1439 1586 1533 1635 fovi

433 1654 611 1711 Arma3
646 1653 726 1700 sed
747 1653 864 1698 hanc
884 1652 1031 1698 merui
1052 1650 1338 1713 simplicitate
1355 1651 1529 1719 fugam·

368 1716 594 1781 Invigiles
614 1718 755 1781 igitur
776 1717 944 1765 nostris
953 1732 1047 1793 ’pro
1069 1717 1245 1764 casibus
1268 1733 1380 1775 oro;

436 1783 648 1830 Diminui
670 1784 708 1831 si
730 1781 819 1845 qua
839 1783 1040 1829 numinis
1060 1782 1127 1828 ira
1146 1789 1312 1844 potest.

366 1848 499 1898 Scire
516 1864 647 1898 meos
667 1850 706 1896 si
726 1847 828 1910 quis
849 1858 982 1895 casus
1002 1847 1226 1895 desideret
1245 1863 1433 1897 omnes·
1418 1883 1435 1907 ‚

431 1912 560 1970 Plus,
583 1912 716 1977 quam
737 1913 860 1976 quod
879 1912 978 1960 fieri
998 1928 1072 1959 res
1093 1913 1212 1968 sinit,
1234 1914 1312 1961 ille
1332 1920 1469 1976 petat.

368 1979 465 2029 Tot
487 1983 610 2029 mala
629 1995 731 2029 sum
750 1994 925 2041 passus,
947 1985 1060 2040 quot
1080 1978 1129 2025 in
1151 1980 1322 2026 aethere
1341 1979 1662 2029 sideralucent:

439 2045 681 2107 Parvaque
699 2052 812 2105 quot
831 2045 980 2091 siccus
1001 2058 1192 2106 corpora
1208 2044 1360 2106 pulvis
1379 2045 1518 2093 habet.

368 2109 614 2174 Multaque
634 2110 832 2157 credibili
852 2110 1038 2157 tulimus
1059 2110 1258 2172 majora·
1299 2117 1533 2172 ratamque,

439 2176 667 2232 Quamvis
685 2174 943 2230 acciderint,
965 2190 1059 2222 non
1079 2175 1286 2223 habitura
1304 2174 1452 2223 fidem.
1620 2179 1681 2225 50

369 2240 487 2292 Pars
508 2243 645 2289 etiam
664 2255 843 2288 mecum
865 2240 1075 2304 quaedam
1096 2242 1316 2288 moriatur
1336 2248 1529 2318 oportet·

437 2307 614 2368 Meque
633 2305 770 2353 velim
791 2306 936 2368 possit
957 2306 1267 2354 dissimulante
1286 2306 1397 2368 tegi.

370 2372 423 2421 si
445 2387 540 2418 vox
499 2323 793 2433 eqinfrzigilis,
816 2377 974 2433 pectus
995 2371 1105 2417 mihi
1123 2369 1298 2418 firmius
1320 2387 1425 2426 aere,

439 2434 667 2497 Pluraque
687 2451 791 2483 cum
811 2436 983 2497 linguis
1002 2436 1202 2498 pluribus
1224 2451 1304 2483 ora
1324 2435 1492 2495 forent3

370 2499 486 2549 Non
506 2508 659 2547 tamen
679 2501 847 2548 idcirco
868 2500 1193 2563 complecterer
1212 2502 1366 2548 omnia
1384 2502 1554 2550 verbisa-

440 2564 642 2614 Materia
661 2566 783 2614 vires
802 2573 1100 2629 exsuperante
1120 2582 1260 2614 meas.

373 2628 470 2679 Pro
491 2631 607 2678 duce
627 2630 810 2679 Neritio
831 2632 1095 2678 doctimala
1114 2639 1271 2678 nostra
1292 2630 1448 2679 Poetae

441 2695 662 2747 scribite:
702 2696 885 2745 Neritio
904 2712 1011 2744 nam
1033 2697 1152 2746 mala
1166 2697 1301 2760 ⁴plura
1322 2696 1419 2746 tuli.
