1842 2966
523 130 869 184 ‘rmsTmM
900 129 1006 182 Lm
1027 95 1090 185 ν’.
1114 140 1162 186 ⁷.
1416 139 1517 189 229

118 264 219 315 Si
243 260 388 313 modd
408 278 501 312 non
521 264 671 326 aliqua
691 272 762 312 est
782 266 828 312 in
851 280 927 312 me
946 281 1067 314 nova
1087 268 1241 331 culpa:
1279 276 1495 334 tuamque

231 328 484 378 Mutarunt
504 327 651 386 subito
673 332 858 377 crimina
879 338 1035 377 nostra
1057 330 1203 380 fidem.

124 394 370 459 Spiritus
391 396 476 451 hic,
502 393 715 457 Scythica
736 411 869 457 quem
891 411 986 443 non
1006 397 1121 443 bene
1141 399 1345 448 ducimus
1366 399 1489 456 aura,

234 460 383 516 Quod
402 462 548 522 cupio,
570 461 782 508 membris
803 469 937 510 exeat
956 458 1063 508 ante
1084 463 1229 521 meis3
1446 469 1513 513 20

130 522 326 581 Quam
350 532 429 572 tua
449 526 613 573 delicto
634 527 913 587 stringantur
932 531 1116 589 pectora
1137 536 1326 588 nostr03

230 590 305 638 Et
325 590 479 637 videar
499 588 660 638 merito
679 591 812 638 vilior
831 607 933 639 esse
955 592 1046 639 tibi.

132 654 283 704 Non
305 651 419 703 ade&
438 657 524 702 toti
543 655 650 703 fatis
669 671 915 719 urguemur
936 658 1114 719 iniquis,

233 719 309 768 Ut
329 736 433 767 mea
455 722 513 768 sit
532 720 683 783 longis
703 737 833 769 mens
852 737 1033 783 quoque
1053 731 1179 771 mota
1199 724 1344 772 malis.

139 783 319 848 'finge
340 793 493 834 tamen
515 794 685 834 motam
700 805 714 833 z
752 788 931 848 quoties
950 788 1299 851 Agamemnone
1321 796 1476 841 numm
1534 784 1546 799 '

230 850 429 899 Dixisse
448 852 495 898 in
520 850 727 913 Pyladen
748 852 885 899 verba
902 862 1113 916 proterva
1132 862 1264 917 putas
1275 854 1299 900 Ρ
1539 863 1544 870 ·

150 914 274 964 'Nec
293 917 454 979 procul
473 915 502 963 ὲ
521 933 631 964 vero
652 924 734 972 est,
757 915 878 979 quod
898 918 973 966 vel
993 918 1181 981 pulsarit
1201 920 1416 969 amicum:

228 980 413 1029 Mansit
433 983 479 1028 in
502 982 660 1029 officiis
681 997 774 1030 non
794 980 947 1031 minus
966 984 1042 1031 ille
1063 985 1171 1033 suis.

161 1045 283 1095 Hoc
304 1054 377 1094 est
396 1062 498 1095 cum
520 1047 695 1094 miseris
717 1048 863 1095 solum
885 1064 1125 1098 commune
1146 1052 1301 1108 beatis,
1459 1074 1466 1083 ·

229 1111 468 1160 Ambobus
489 1112 620 1159 tribui
640 1113 761 1174 quod
782 1113 898 1160 solet
917 1116 1194 1177 obsequium.
1438 1120 1511 1163 30

159 1175 363 1229 Ceditur
381 1185 429 1225 et
449 1177 595 1232 caech,
618 1185 666 1225 et
684 1193 799 1237 quos
818 1187 1043 1241 praetexta
1061 1183 1294 1238 verendos,

235 1241 470 1304 virgaque
490 1258 593 1290 cum
615 1243 764 1290 verbis
782 1244 1035 1305 imperiosa,
1056 1244 1177 1291 facit.

163 1307 218 1357 si
240 1308 353 1355 mibi
376 1323 469 1355 non
488 1308 646 1369 parcis,
667 1307 865 1354 fortunae
884 1323 1070 1370 parcere
1092 1310 1238 1358 debes.

233 1371 349 1420 Non
369 1373 502 1420 habet
521 1373 570 1419 in
592 1373 721 1420 nobis
740 1372 874 1419 ullius
895 1374 962 1420 ira
983 1373 1148 1421 locum.

231 1439 241 1452 ‘
330 1444 585 1487 nostrorum
604 1439 840 1487 minimum
862 1438 1189 1501 minimumque
1209 1439 1439 1489 laborum:

370 1520 460 1566 quo
483 1504 603 1560 reris,
625 1505 840 1567 grandius
861 1505 972 1551 illud
993 1506 1093 1551 erit.

162 1567 324 1627 Quam
345 1567 489 1619 multi
506 1570 698 1618 madidae
717 1570 999 1618 celebrantur
1018 1570 1235 1617 arundine
1255 1569 1406 1628 fossa

232 1634 418 1683 Florida
436 1633 572 1698 quam
591 1636 757 1683 multas
780 1634 937 1696 Hybla
957 1642 1110 1683 tuetur
1128 1651 1260 1699 apes3

161 1698 324 1758 Quam
336 1698 504 1749 'multae
524 1701 682 1764 gracili
703 1702 882 1748 ten-'ena
902 1701 984 1748 sub
1004 1700 1167 1748 horrea
1184 1700 1304 1750 ferre

231 1765 403 1814 Limite
422 1764 626 1815 formicae
645 1780 788 1829 grana
808 1773 985 1829 reperta
1006 1767 1153 1815 solent
1160 1783 1177 1825 ς
1437 1770 1508 1816 40

158 1830 285 1881 Tam
306 1847 382 1879 me
403 1832 693 1879 circumstant
714 1830 954 1879 densorum
975 1833 1106 1879 turba
1125 1832 1362 1880 malorum.

234 1896 387 1953 Crede
406 1898 541 1954 mihi;
573 1912 680 1944 vero
704 1903 774 1943 est
793 1908 950 1944 nostra
971 1897 1153 1958 querela
1172 1898 1336 1946 minor.

163 1962 262 2012 His
281 1963 367 2024 qui.
381 1968 623 2010 contentus
643 1976 737 2008 non
757 1968 858 2020 θεὶς
891 1962 940 2008 in
959 1962 1069 2011 litus
1089 1977 1262 2019 arenas,

230 2025 289 2076 In
311 2035 512 2090 segetem
536 2028 693 2089 spicas,
714 2026 761 2072 in
783 2042 908 2077 mare
927 2026 1088 2074 fundat
1108 2043 1260 2090 aquas.

165 2090 516 2156 Intempestivos
536 2093 676 2155 igitur
695 2107 933 2155 compesce
954 2093 1170 2151 timores3

229 2157 351 2207 Vela
370 2173 455 2206 nec
475 2159 521 2205 in
544 2157 691 2205 medio
712 2157 869 2205 desere
888 2165 1045 2206 nostra
1062 2159 1190 2208 mari·

622 2348 887 2402 ELEGIA
920 2324 1040 2402 vn.

156 2486 324 2542 Quum
342 2484 474 2548 legis,
496 2498 556 2533 ex
574 2481 651 2531 ina
670 2483 750 2531 tibi
771 2483 897 2531 venit
917 2482 1107 2545 epistola
1126 2479 1260 2538 terra,

229 2550 372 2598 Latus
393 2550 466 2596 ubi
490 2549 709 2610 aequoreis
730 2548 904 2596 additur
925 2547 1046 2595 Ister
1066 2547 1207 2610 aquis.

164 2617 214 2665 Si
235 2616 312 2662 tibi
334 2616 558 2677 contingit
579 2629 684 2662 cum
705 2613 824 2661 dulci
843 2614 938 2661 vita
958 2613 1132 2671 salute3

227 2680 432 2731 Candida
451 2679 670 2739 Fortunae
689 2695 791 2745 pars
811 2687 965 2728 manet
984 2693 1075 2728 una
1096 2692 1229 2726 meae·

161 2761 266 2795 vor„
284 2761 357 2795 111.
1069 2758 1104 2793 x
