1842 2966
330 223 645 279 EPISTOL'
672 217 772 276 EX
807 223 1053 277 PONTO'
1073 227 1180 279 Lm.
1204 225 1247 276 1.
1279 232 1327 278 2.
1424 231 1518 278 247
1609 181 1619 189 *

162 362 290 416 Aut,
313 359 388 407 ubi
411 360 609 422 decipior
627 359 827 407 melioris
845 360 1046 422 imagine
1061 359 1236 416 somnis

239 425 458 488 Adspicio
480 426 636 487 patriae
657 433 776 471 tecta
797 425 954 472 relicta
970 440 1115 483 meae3
1452 426 1520 473 50

162 492 240 542 Et
262 488 401 538 modo
420 490 667 546 vobiscum,
689 506 806 551 quos
826 506 929 537 sum
950 497 1204 542 veneratus,
1225 489 1372 548 amici,

241 556 310 604 Et
330 553 468 622 modo
488 571 592 602 cum
615 554 717 601 carii
739 557 947 618 conjuge,
970 556 1114 602 multa
1132 556 1309 615 loquor.

164 623 267 676 Sic,
286 619 360 668 ubi
381 628 592 683 percepta
610 629 683 667 est
699 621 849 668 brevis
867 628 916 667 et
931 636 1025 668 non
1045 636 1154 667 vera
1172 621 1394 683 voluptas,

236 685 378 749 Pejor
397 688 452 732 ab
472 686 703 732 admonitu
723 685 777 731 fit
797 692 943 732 status
964 687 1050 732 iste
1070 685 1190 732 boni.

166 753 284 801 Sive
305 752 399 798 dies
419 751 559 812 igitur
577 757 713 812 caput
725 751 814 797 hoc
834 751 1087 797 miserabile
1106 751 1263 807 cernit,

239 817 350 864 Sive
364 816 563 879 pruinosi
586 814 753 861 Noctis
773 822 972 877 aguntur
993 817 1096 876 equi
1115 834 1127 861 z

170 884 255 931 Sic
276 896 377 928 mea
396 882 624 943 perpetuis
642 879 880 941 liquefiunt
898 886 1085 941 pectora
1104 881 1239 937 curis,

238 945 432 1010 Ignibus
452 946 644 992 admotis
665 952 718 993 ut
737 960 859 993 nova
879 961 985 993 cera
996 946 1125 993 solet.

171 1013 312 1074 Saepe
330 1026 491 1075 precor
509 1016 717 1064 mortem,
739 1018 933 1058 mortem
949 1025 1129 1073 quoque
1149 1012 1364 1075 deprecor
1378 1010 1512 1066 idem,

239 1077 320 1124 Ne
341 1092 442 1123 mea
465 1076 763 1123 Sarmaticum
785 1084 1001 1138 contegat
1021 1092 1127 1124 ossa
1147 1078 1310 1125 solum.
1446 1080 1513 1124 60

172 1140 298 1193 Cfim
322 1143 453 1196 subit,
471 1141 676 1203 Augusti
698 1157 800 1201 quae
817 1142 875 1188 sit
896 1142 1165 1189 clementia:
1195 1142 1329 1190 credo

104 1205 111 1214 “
240 1207 408 1255 Mollia
427 1206 672 1268 naufragiis
692 1206 826 1252 litora
843 1221 978 1268 posse
999 1207 1108 1253 dari.

173 1271 299 1322 Cum
319 1273 453 1320 video
474 1269 609 1333 quam
631 1272 723 1318 sint
743 1286 846 1317 mea
865 1272 961 1317 fata
981 1272 1170 1327 tenacia,
1192 1272 1413 1334 frangor;

239 1338 445 1401 Spesque
464 1337 578 1385 levis
599 1351 770 1399 magno
790 1336 912 1381 victa
931 1336 1095 1381 timore
1116 1337 1249 1383 cadit=

170 1401 279 1452 Nec
299 1410 453 1450 tamen
474 1402 662 1449 ulterius
681 1400 924 1462 quidquam
946 1414 1136 1462 sperove
1155 1416 1385 1462 proeorve,
1461 1423 1472 1430 ι

239 1467 395 1525 Quam
417 1464 537 1517 male
556 1472 731 1515 mutato
752 1481 888 1529 posse
910 1480 1064 1513 carere
1083 1466 1199 1513 loco.

171 1535 277 1583 Aut
297 1536 397 1591 hoc,
421 1540 499 1582 aut
519 1533 631 1585 nihil
652 1539 733 1588 est,
751 1548 833 1594 pro
854 1547 931 1580 me
952 1534 1125 1579 tentare
1146 1527 1353 1579 modeste

240 1600 404 1648 Gratia
423 1599 544 1660 quod
564 1599 690 1645 salvo
710 1605 864 1645 vestra
881 1597 1054 1659 pudore
1074 1604 1223 1659 queat.

171 1665 376 1727 Suscipe,
399 1664 625 1713 Romanae
645 1662 865 1718 facundia,
889 1662 1110 1720 Maxime,
1132 1662 1320 1725 linguae,

243 1727 459 1777 Difficilis
481 1744 654 1777 caussae
674 1729 786 1777 mite
804 1729 1117 1791 patrocinium.
1452 1725 1518 1774 70

170 1794 266 1845 Est
285 1795 416 1850 mala,
440 1793 680 1842 confiteor=
709 1794 789 1842 sed
809 1801 857 1841 te
875 1795 995 1841 bona
1013 1793 1094 1841 fiet
1114 1800 1295 1856 agente.

239 1858 387 1907 Lenia
405 1875 489 1922 pro
508 1857 673 1907 misera
690 1858 764 1906 sac
784 1856 921 1907 modo
943 1860 1081 1915 verba
1097 1856 1223 1922 fuga.

171 1925 340 1974 Nescit
353 1925 474 1972 enim
492 1922 663 1979 caesar,
686 1926 892 1985 quamvis
913 1922 1048 1972 Deus
1069 1925 1223 1971 omnia
1242 1919 1376 1978 norit,

245 1990 450 2038 Ultimus
470 1990 544 2035 hic
565 1987 655 2051 qua
676 1991 736 2036 sit
749 1989 1008 2036 conditione
1026 1989 1172 2042 locus.

173 2054 358 2117 Magna
378 2060 536 2101 tenent
554 2054 667 2101 illud
687 2067 838 2101 rerum
858 2054 1093 2101 molimina
1113 2068 1283 2102 numen
1299 2071 1314 2101 ι

241 2119 365 2167 Haec
387 2126 458 2166 est
478 2118 653 2166 coelesti
671 2126 856 2180 pectore
875 2134 986 2166 cura
1003 2120 1167 2166 minor.

173 2185 280 2234 Nec
296 2191 442 2239 vacat,
463 2185 512 2231 in
534 2182 625 2246 qui
644 2185 737 2231 sint
754 2184 890 2247 positi
911 2184 1099 2245 regione
1120 2182 1335 2241 Tomitae,

241 2249 477 2305 Quaerere,
498 2247 691 2296 finitimo
711 2251 794 2295 vix
811 2249 915 2296 loca
935 2254 1050 2297 nota‘
1067 2249 1234 2297 Getae:

175 2316 275 2363 Aut
289 2314 400 2376 quid
422 2314 703 2361 Sauromatae
724 2312 903 2368 faciant,
926 2313 1034 2376 quid
1056 2312 1257 2376 Iazyges
1277 2328 1423 2373 acres,
1447 2316 1452 2321 ⁴

241 2379 468 2441 Cultaque
489 2378 697 2426 Oresteae
717 2376 912 2427 Taurica
932 2387 1054 2425 terra
1073 2377 1224 2426 Deaez
1448 2383 1514 2428 80

174 2445 387 2506 Quaeque
407 2443 508 2491 aliae
529 2451 704 2506 gentes,
726 2444 802 2492 ubi
819 2443 994 2505 frigore
1013 2443 1216 2490 constitit
1236 2440 1370 2500 Ister,

241 2509 379 2557 Dura
397 2517 552 2557 meant
572 2509 708 2557 celeri
726 2516 860 2572 terga
877 2524 960 2570 per
981 2507 1126 2554 amnis
1146 2522 1278 2573 equo.

171 2575 388 2626 Maxima
405 2589 511 2637 pars
529 2575 765 2623 hominum
785 2588 871 2620 nec
891 2580 952 2629 te,
974 2573 1287 2635 pulcherrima,
1309 2576 1484 2630 (turam,¹

241 2639 409 2695 Roma,
427 2655 511 2687 nec
532 2639 728 2688 Ausonii
747 2638 905 2685 militis
927 2652 1054 2686 arma
1073 2638 1250 2687 timent.

175 2705 313 2755 Dant
332 2705 509 2753 animos
529 2708 659 2753 arcus
680 2705 782 2761 illis,
803 2705 1044 2767 plenaeque
1061 2704 1314 2775 pharetraej

243 2767 488 2836 Qui-mque
499 2770 610 2821 libet
629 2771 790 2836 longis
801 2770 1005 2820 cursibus
1025 2775 1158 2834 aptus
1177 2783 1343 2831 equus:

1691 2796 1799 2932 fl
