1842 2966
538 179 921 258 sAsTORUM
954 181 1061 233 Lm.
1082 182 1173 234 vt
1284 236 1289 252 ,
1427 188 1536 235 usr-

164 316 273 367 Est
297 314 465 376 aliquid
485 315 690 377 nupsisse
710 312 833 370 Jovi‚
855 312 991 363 Jovis
1012 329 1110 362 esse
1130 322 1362 365 sororem.-
1425 326 1432 334 ·

247 380 412 428 Fratre
433 381 592 442 magis,
615 381 781 434 dubito,
804 379 986 442 glorier,
1003 393 1120 427 anne
1140 381 1254 427 viro.

167 447 230 496 Si
291 462 407 493 enus
429 445 696 507 adspicitur;
733 445 979 492 Saturnum
999 445 1143 505 prima
1160 452 1400 506 parentem

291 512 388 557 ecit
419 511 597 557 Saturni
620 525 716 557 sors
732 526 819 572 ego
840 510 986 571 prima
1005 508 1086 556 fui.
1451 515 1520 559 :30

273 576 406 637 patre
427 576 546 621 dicta
565 590 668 621 meo
689 575 913 635 quondam
940 575 1149 631 Saturnia
1169 573 1323 622 Roma
1344 582 1437 624 est.

180 577 376 686 AHaec
399 640 463 686 illi
486 637 513 685 ἢ
533 640 652 686 coelo
673 641 876 701 proxima
897 646 1018 687 terra
1037 638 1138 687 fuit.

178 706 235 754 Si
256 714 387 752 torus
408 705 455 751 in
478 705 621 766 pretio
643 713 738 762 ατς
772 706 897 752 dicor
912 713 1125 759 ,matrona
1144 703 1397 753 Tonantis·
1385 723 1399 753 ι

249 768 285 819 J
287 777 511 831 unctaque
532 769 727 832 Tarpejo
750 778 855 817 sunt
875 785 979 817 mea
993 771 1161 832 templa
1180 770 1215 818 J
1216 771 1307 819 ovi.

180 835 268 887 An
291 835 440 897 potuit
453 833 584 895 Majo
605 835 753 896 pellex
774 835 879 882 dare
902 836 1085 883 nomina
1105 835 1287 883 mensi?

249 899 351 945 Hic
373 901 517 946 bonor
537 901 585 945 in
608 901 734 946 nobis
753 901 1002 948 invidiosus
1023 901 1133 947 erit?

176 963 285 1014 Cur
307 965 447 1026 igitur
468 964 652 1025 Regina
670 980 808 1012 vocor
830 963 1135 1028 Princepsque
1157 965 1401 1015 Dearum?

247 1029 408 1077 Aurea
429 1044 510 1075 cur
529 1029 702 1076 dextrae
725 1038 899 1091 sceptra
919 1029 1082 1078 dedere
1103 1032 1254 1079 meae?

182 1094 267 1143 An
288 1094 465 1141 faciant
476 1109 680 1141 mensem
700 1094 837 1150 luces,
861 1093 1126 1157 Lucinaque
1147 1098 1203 1144 ab
1222 1097 1311 1144 illis

251 1158 429 1217 Dicar3
463 1168 512 1206 et
532 1156 560 1205 ὲ
580 1160 704 1207 nullo
726 1160 908 1207 nomina
929 1176 1085 1208 mense
1106 1163 1280 1209 traham
1294 1161 1319 1208 ἲ
1459 1166 1524 1208 40

186 1224 327 1273 Tunc
347 1240 423 1271 me
443 1225 662 1287 poeniteat
681 1226 886 1286 posuisse
906 1224 1127 1272 fideliter’
1115 1241 1205 1273 iras

255 1289 315 1337 In
337 1306 485 1353 genus
500 1290 714 1345 Electrae,
736 1289 1106 1351 Dardaniamque
1124 1291 1336 1338 domum.

190 1354 370 1405 Caussa
389 1355 555 1417 duplex
575 1357 682 1402 irae:
721 1361 849 1416 rapto
873 1355 1144 1416 Ganymede
1163 1356 1396 1405 dolebam:

257 1420 429 1468 Forma
448 1436 625 1482 quoque
647 1419 775 1467 Idaeo
788 1420 945 1482 Judice
964 1422 1087 1467 victa
1106 1435 1209 1469 mea
1229 1426 1318 1468 est.

198 1485 446 1540 Poenit'eat,
469 1483 590 1548 quod
611 1502 704 1534 non
723 1486 862 1533 foveo
886 1483 1177 1547 Carthaginis
1199 1501 1324 1533 arces
1335 1503 1353 1544 ς

263 1549 385 1600 cum
406 1567 509 1598 mea
529 1552 619 1599 sint
638 1552 717 1599 illo
738 1567 896 1598 currus
917 1558 965 1598 et
984 1566 1111 1599 arma
1123 1550 1256 1598 loc'oae

192 1615 427 1665 Poeniteat
449 1616 653 1679 Sparten,
675 1616 935 1679 ,Angosque2
955 1630 1169 1677 measque
1189 1614 1440 1678 Mycena&
1507 1631 1514 1634 ’

260 1682 327 1729 Et
349 1689 547 1728 veterem
573 1680 707 1729 Latio
729 1683 1017 1745 supposuisse
1039 1682 1236 1730 Samon'.

195 1745 335 1796 Adde
355 1761 510 1794 senem
533 1745 731 1803 Tatium,
750 1745 788 1795 J
790 1748 1139 1809 unomcolasque
1160 1746 1384 1804 Faliscos,

262 1810 395 1866 Quos
415 1827 503 1878 ego
525 1810 749 1859 Romanis
768 1814 1056 1860 succubuisse
1076 1813 1175 1860 tuli.
1463 1815 1531 1860 50

200 1876 292 1925 Sed
313 1892 461 1938 neque
478 1877 727 1939 poeniteat·
765 1890 849 1922 nec
868 1893 987 1938 gens
1007 1878 1116 1924 mihi
1138 1878 1283 1925 carior
1302 1876 1396 1924 ulla
1415 1884 1514 1925 est·

238 1940 362 1988 Hic
383 1942 519 1996 colar,
545 1942 616 1988 hic
638 1949 814 1988 teneam
837 1956 941 1989 cum
963 1941 1084 1991 Jove
1104 1942 1273 2003 templa
1293 1956 1412 1989 meo.

199 2005 306 2070 Ipse
328 2008 439 2053 mihi
460 2006 666 2061 Mavors,
693 2004 977 2055 Commendo
997 2008 1179 2063 moenia,
1203 2006 1340 2063 dixit,

265 2070 388 2119 Haec
409 2072 512 2118 tibi:
540 2078 591 2118 tu
602 2071 777 2133 pollens
794 2070 923 2119 Urbe
944 2074 1118 2135 nepotis
1139 2073 1242 2120 eris.

202 2136 347 2184 Dicta
365 2135 478 2183 fides
500 2138 726 2197 sequiturt
765 2145 946 2183 centum
968 2138 1248 2189 celebramur·
1263 2138 1312 2185 in
1332 2139 1449 2186 aris:
1513 2153 1522 2162 ‘

264 2200 367 2249 Nec
387 2202 533 2248 levior
547 2202 707 2261 quovis
728 2208 800 2248 est
820 2203 927 2248 mihi
949 2204 1117 2250 mensis
1132 2205 1292 2251 honor.

205 2264 308 2313 Nec
330 2272 483 2313 tamen
506 2267 627 2313 hunc
649 2266 777 2314 nobis
792 2268 1104 2316 tantummodo
1114 2270 1534 2330 praestathonorem

267 2330 443 2378 Roma:
484 2332 721 2379 suburbani
743 2331 852 2379 dant
872 2334 982 2379 mihi
1002 2348 1166 2381 munus
1188 2333 1321 2381 idem·

205 2393 398 2457 Inspice,
421 2411 535 2457 quos
556 2397 715 2444 habeat
736 2397 975 2444 nemoralis
997 2397 1152 2445 Aricia
1172 2395 1351 2453 Fastos,

269 2459 336 2507 Et
355 2461 547 2523 populus
569 2460 789 2516 Laurens,
812 2460 1159 2522 Lanuviumque
1178 2477 1361 2510 meum:
1471 2466 1537 2509 60

206 2523 298 2574 Est
317 2525 407 2572 illic
430 2527 599 2574 mensis
619 2525 861 2575 Junonius.
894 2525 1076 2590 Inspice
1096 2526 1252 2582 Tibur,

271 2590 338 2638 Et
359 2590 658 2640 Praenestinae
678 2592 849 2638 moenia
869 2607 1002 2640 sacra
1015 2591 1162 2639 Deae·

209 2654 434 2706 Junonale
453 2658 581 2721 leges
601 2664 725 2718 temp
726 2671 796 2704 us.
827 2655 930 2704 Nec
952 2656 1178 2704 Romulus
1199 2654 1312 2702 illas

274 2719 516 2773 Condidit·
553 2730 601 2772 at
621 2722 764 2772 nostri
780 2720 939 2771 Roma
953 2722 1132 2786 nepotis
1150 2726 1260 2770 erat·
