1842 2966
746 142 901 194 1318.
1398 147 1500 199 347
1514 173 1515 176 ¹

137 275 265 332 Aut,
288 282 342 324 ut
362 273 689 339 Amyntiaden,
712 277 832 340 turpi
853 276 1045 324 dilectus
1066 293 1222 328 amore

213 341 466 398 Oderit‚,et
487 357 613 392 saeizo
633 342 843 390 vulneret
865 358 975 390 ense
997 358 1122 405 puer.

137 406 258 456 Nec
279 408 360 456 tibi
380 407 471 455 fida
490 409 640 469 magis
659 408 838 454 misceri
860 409 1023 470 pocula
1044 411 1233 471 possint,

214 470 373 528 Quam
395 473 473 535 qui
496 474 734 536 cornigero
756 474 811 520 de
833 472 956 522 Jove
978 482 1111 521 natus
1133 482 1244 524 erat.

135 538 291 589 More
311 539 387 586 vel
408 540 603 587 intereas
626 540 744 602 capti
766 554 1011 602 suspensus
1035 539 1211 597 Achaei,

212 603 313 659 Qui
334 605 474 651 miser
495 603 687 652 aurifera
708 612 825 652 teste
844 606 1058 668 pependit
1079 606 1209 668 aqua.
1393 609 1496 656 300

132 668 249 719 Aut
269 677 323 717 ut
338 669 581 717 Achillidae
604 677 801 732 cognato
824 672 1009 718 nomine
1031 672 1203 719 clarum

344 736 454 782 ‘mat
476 736 629 783 hostili
651 736 807 799 tegula
817 737 946 798 Jacta
965 752 1120 784 manu.
1262 743 1269 748 '

132 800 252 850 Nec
273 808 366 859 tua,
390 799 525 862 quam
551 801 729 862 Pyrrhi,
754 800 930 849 felicius
953 818 1057 849 ossa
1078 804 1327 864 quiescant,

207 866 379 929 Sparsa
399 882 484 929 per
507 867 771 918 Ambracias
823 883 897 914 uae
909 869 1097 930 jacuere
1118 869 1231 917 vias.

130 931 362 994 ‘Nataque
382 939 434 979 ut
456 932 677 987 AEacidae,
692 884 860 995 ,ᾗᾶουῗίε
882 935 1090 981 moriaris
1112 934 1314 983 adactis:

206 997 327 1046 Non
349 999 456 1046 licet
476 999 565 1046 hoc
589 996 748 1050 Cereri
771 998 1053 1046 dissimulare
1076 1000 1219 1048 nefas.

136 1063 307 1126 thue
328 1079 471 1126 nepos
493 1064 599 1111 dicti
624 1072 782 1111 nostro
803 1063 940 1112 modo
963 1067 1165 1113 carmine
1187 1066 1311 1131 regis

205 1124 538 1180 Cantharidum
563 1146 725 1177 succos
747 1130 883 1176 dante
904 1139 1093 1192 parente
1113 1133 1252 1180 bibas.

37 1243 44 1250 ,
129 1196 243 1246 Aut
256 1196 333 1258 pia
353 1201 402 1242 te
423 1210 546 1242 caeso
570 1196 745 1242 dicatur
766 1194 1002 1252 adultera3
1039 1196 1170 1251 sicut,

202 1259 317 1317 Qua
337 1261 499 1308 cecidit
523 1260 712 1307 Leucon
735 1259 928 1314 vindice,
953 1261 1073 1306 dicta
1093 1262 1168 1323 pia
1189 1267 1274 1309 est.
1381 1265 1488 1310 310

127 1325 290 1389 Inque
309 1342 469 1389 pyram
485 1334 638 1373 tecum
662 1325 893 1372 carissima
913 1326 1108 1388 pignora
1128 1326 1313 1385 mittas;

202 1392 361 1449 Quam
383 1391 524 1438 finem
544 1392 654 1439 vitae
678 1391 1009 1453 Sardanapalus
1031 1392 1178 1438 habet.

127 1458 303 1522 ‘thue
323 1457 457 1509 Jovis
479 1455 643 1520 Libyci
664 1456 884 1520 templum
907 1456 1080 1504 violare
1099 1455 1312 1520 parantis,

198 1524 327 1575 Acta
348 1524 479 1572 Noto
499 1524 656 1571 vultus
677 1525 846 1570 condat
866 1538 1003 1570 arena
1023 1530 1142 1571 tuos.

131 1591 300 1655 thue
320 1598 582 1638 necatorum
611 1588 757 1636 Darei
777 1588 937 1636 fraude
959 1589 1159 1646 secundi,

201 1657 282 1707 Sic
302 1663 384 1704 tua
404 1656 639 1704 subsidens
663 1655 849 1702 devoret
872 1650 952 1701 ora
973 1654 1103 1701 cinis.

127 1723 251 1781 Aut,
273 1729 326 1770 ut
346 1717 554 1769 olivifera
573 1719 800 1781 quondam
826 1719 1026 1781 Sicyone
1045 1719 1221 1782 fugato,

203 1788 277 1837 Sit
295 1787 444 1849 frigus
466 1786 628 1833 mortis
643 1800 803 1833 caussa
823 1785 1059 1847 famesque
1082 1794 1190 1832 tuae.

130 1852 250 1909 Aut,
273 1860 327 1902 ut
345 1846 598 1906 Atarnites,
620 1852 798 1898 insutus
819 1851 938 1913 pelle
948 1852 1140 1914 juvenci
1374 1898 1379 1907 ,

199 1918 418 1981 Turpiter
439 1918 496 1964 ad
517 1916 750 1963 dominum
772 1917 931 1978 praeda
949 1915 1097 1964 ferare
1119 1923 1266 1963 tuum.
1381 1918 1485 1963 320

87 2012 94 2019 ι
131 1982 288 2045 Inque
308 1991 390 2031 tuo
411 1983 612 2030 thalamo
636 1981 724 2028 ritu
738 1982 956 2044 jugulere
980 1980 1190 2028 Pheraeiz

202 2049 299 2105 Qui
319 2040 452 2096 datiis
474 2054 546 2095 est
564 2048 659 2094 leto
681 2047 891 2110 conjugis
912 2061 1023 2093 ense
1045 2062 1156 2094 suae.

121 2068 1220 2241 Querfflxzssffln22p1225¹4422233222¹⁶⁰22
1304 2114 1314 2121 ’

135 2246 298 2307 thue
318 2245 486 2301 Milon,
511 2245 594 2291 sub
615 2261 706 2306 quo
729 2244 928 2292 cruciata
949 2251 1019 2291 est
1042 2243 1153 2292 Pisa
1167 2251 1385 2307 tyranno,

201 2311 353 2360 'Vivus
374 2311 422 2358 in
445 2311 645 2358 occultas
665 2311 961 2373 praecipiteris
984 2326 1137 2371 aquas.

135 2378 345 2438 Quaeque
364 2377 415 2425 in
435 2376 749 2431 Adimantum,¹
776 2375 977 2422 Phliasia
998 2391 1141 2438 regna
1160 2381 1408 2431 tenentem,

201 2443 277 2491 Ab
296 2440 419 2491 Jove
440 2450 678 2496 venerunt,
702 2448 750 2495 te
765 2457 946 2503 quoque
967 2442 1059 2488 tela
1078 2447 1250 2504 petant.

136 2508 237 2559 Aut
256 2519 309 2555 ut
330 2507 630 2571 Amastriacis
651 2508 880 2568 quondam
903 2505 1108 2554 Lenaeus
1128 2508 1185 2555 ab
1206 2506 1313 2561 oris,

200 2572 367 2622 Nudus
389 2570 599 2620 Achillea
619 2573 876 2620 destituaris
896 2573 1053 2622 humo.
1377 2573 1482 2618 530

136 2639 293 2700 thue
313 2638 389 2686 vel
411 2638 702 2700 Eurydamas
722 2645 794 2685 ter
815 2639 986 2685 circum
1008 2639 1141 2685 busta
1163 2634 1398 2699 Thtasylli

135 2737 139 2741 -
200 2705 291 2757 Est
311 2703 551 2755 Larineeis
573 2713 729 2768 raptus
751 2705 808 2754 ab
827 2706 963 2754 hoste
983 2704 1126 2761 rotis3
